2804 5022
188 432 339 480 concrnn
356 433 459 480 Paov.
478 432 549 483 eta
566 431 729 482 narroar
747 431 796 480 au
813 430 840 477 s.
856 415 965 480 since.
1044 407 1115 508 ²39

0 548 1 557 ἵ
80 562 265 637 uettraieut
281 587 341 658 pas
355 561 397 635 de
411 563 519 635 meme
539 559 585 632 les
603 561 733 634 decrets
750 559 792 632 de
809 560 898 632 leurs
916 560 1059 637 conciles
1071 588 1114 639 au

0 746 1 773 3
79 679 267 776 saint-siege.
288 673 324 752 5⁰
339 677 465 773 Quand
485 676 517 748 le
536 675 903 774 saint-siegeconfirmc
920 676 968 752 les
987 676 1117 755 decreta

0 782 1 795 ¹
78 795 146 866 d’un
160 794 292 869 concile
304 793 512 894 porticulus,
527 809 613 874 cette
625 808 781 869 sentence
794 793 930 868 devient
944 820 1010 869 une
1024 794 1117 892 tegle

78 912 109 989 dc
126 911 288 982 conduite
307 936 395 1010 pour
411 925 523 982 tontes
542 908 592 986 les
606 921 718 983 autres
734 907 873 1008 aglaes,
894 910 1045 1010 indeque
1058 936 1117 984 su·

75 1043 200 1101 nerent
213 1043 352 1100 eceterae
368 1027 525 1100 ecetestae
542 1023 631 1124 quid
640 1027 887 1122 praeciperent.

114 1146 211 1216 Dans
231 1143 263 1213 la
278 1142 375 1221 lettre
397 1143 443 1214 du
467 1145 576 1214 meme
596 1141 687 1212 saint
710 1166 795 1238 pape
813 1167 878 1214 aua
900 1144 1044 1242 dviqucs
1068 1144 1114 1219 du

1 1255 2 1272 ¹
76 1259 194 1332 concile
211 1260 253 1330 de
266 1259 402 1351 Mileve,
417 1286 462 1330 on
481 1274 600 1330 trouve
614 1257 661 1332 les
680 1283 834 1355 passages
852 1261 1003 1332 suivants
1021 1287 1028 1332 :

115 1379 245 1446 «Inter
265 1391 399 1451 caeteras
417 1379 578 1454 Romanae
599 1373 754 1448 Ecclesiae
768 1400 865 1447 curas
878 1391 913 1447 et
925 1375 1118 1472 apostolicae

76 1522 88 1558 a
105 1493 189 1572 sedis
216 1493 457 1595 occupationes
484 1494 608 1588 quibus
625 1492 835 1564 diversorum
851 1491 1005 1566 consulta
1028 1490 1119 1565 frtlcli

1 1653 2 1676 i
76 1635 141 1681 cac
157 1609 291 1680 modica
315 1610 558 1704 disceptatione
578 1622 782 1698 tractamus,
805 1608 910 1684 frater
938 1618 970 1680 et
989 1611 1118 1706 coepis-

1 1791 2 1832 3
77 1755 90 1790 u
106 1751 210 1823 copus
234 1741 350 1798 noster
378 1725 487 1798 Julius
509 1724 699 1798 dilectionis
719 1739 839 1799 vestrae
858 1724 1005 1814 litteras,
1032 1751 1116 1826 quas

74 1869 145 1916 «ex
160 1842 363 1920 Milevitano
381 1841 592 1914 concilio.....
616 1842 773 1928 misistis,
794 1843 876 1915 mihi
898 1843 1113 1940 inopinanter

73 1961 259 2057 «ingessit,
276 1960 549 2058 Carthaginensis
566 1959 668 2032 etiam
694 1958 814 2055 synodi
838 1955 981 2056 querelae
997 1958 1114 2056 parilis

73 2079 229 2175 ascripta
248 2077 466 2174 subjungens.
484 2107 500 2142 a

117 2197 162 2266 Ce
176 2191 282 2266 debut
294 2207 427 2264 montre
446 2207 617 2266 comment
633 2191 665 2263 le
675 2217 761 2290 pape
774 2191 856 2266 etait
869 2191 973 2284 alors,
986 2219 1116 2268 comme

73 2309 302 2406 aujourd'hui‚
330 2306 457 2408 occupe'
488 2310 509 2380 ia
539 2309 664 2405 dirigor
695 2324 809 2381 tontes
841 2307 888 2382 les
919 2309 1058 2408 aglaes,
1083 2326 1117 2382 ct

74 2430 278 2524 pronaeque
296 2425 327 2496 lc
345 2425 474 2499 concile
492 2427 533 2530 de
556 2425 700 2516 Mileve,
721 2427 811 2501 aussi
840 2425 918 2499 bien
938 2451 1004 2523 que
1027 2426 1115 2498 celui

76 2541 112 2614 de
127 2543 304 2640 Carthage,
319 2542 369 2614 lui
382 2542 472 2613 avait
485 2543 613 2640 envoyai
633 2567 684 2616 ses
701 2557 793 2642 actes
811 2567 853 2614 en
865 2542 1030 2641 deputant
1040 2568 1114 2636 vers

1 2729 2 2760 ζ
75 2657 119 2730 lui
136 2659 286 2758 l'e‘vdque
303 2658 427 2730 Julius.
782 2735 787 2744 ,

117 2807 133 2842 a
148 2776 340 2873 Diligenter
353 2801 434 2874 crgo
456 2789 490 2846 et
505 2799 656 2870 congrue
677 2773 852 2872 apostolici
866 2772 1041 2850 consulitis
1053 2775 1117 2848 ho·

74 2893 195 2964 enoris
211 2918 334 2966 arcana
347 2892 501 2989 (honoris
523 2892 661 2986 inquam
678 2891 767 2965 illius
786 2917 898 2988 quem,
914 2905 1035 2988 praeter
1054 2890 1111 2962 illa

75 3037 89 3072 r
104 3035 177 3106 quae
195 3023 274 3080 sunt
291 3010 516 3096 extrinsecus,
536 3007 727 3079 sollicitudo
750 3023 862 3080 manet
886 3009 1036 3078 omnium
1063 3034 1117 3078 ec·

75 3124 301 3222 eclesiarum)
324 3151 425 3222 super
443 3125 551 3196 anxiis
571 3126 689 3214 rebus,
716 3151 789 3219 quae
808 3126 851 3199 sit
878 3125 1023 3196 tenenda
1045 3151 1118 3197 sen-

75 3247 226 3332 «antia,
242 3244 392 3336 antiquae
412 3241 539 3314 scilieet
557 3240 682 3338 regnlae
701 3242 844 3314 formam
867 3244 994 3334 secati,
1014 3269 1116 3340 quam

74 3373 175 3430 rtoto
197 3385 330 3454 semper
356 3358 399 3428 ab
421 3359 512 3448 ¹orbe
537 3383 672 3430 mecum
697 3359 804 3430 nostis
836 3385 906 3430 esse
938 3374 1116 3452 servatam.

75 3479 231 3547 «Verum
257 3476 329 3546 haec
359 3475 460 3546 missa
489 3471 595 3562 facin,
626 3499 734 3568 neque
760 3475 850 3547 euim
879 3475 944 3545 hoc
974 3490 1117 3546 vestram

74 3618 87 3654 a
103 3594 202 3663 credo
216 3590 320 3662 latere
335 3589 565 3686 prudentiam.
589 3589 661 3682 Qui
679 3591 769 3660 enim
784 3590 819 3663 id
839 3591 971 3663 actione
986 3589 1118 3660 firmas-

74 3708 162 3799 «tis‚
187 3709 251 3778 nisi
265 3708 407 3780 scientes
427 3706 520 3802 quod
536 3730 596 3804 per
619 3729 738 3776 omncs
754 3707 946 3801 provincias
969 3705 1010 3774 de
1033 3731 1118 3801 apo·

9 3871 11 3876 ,
72 3823 222 3894 «stolico
253 3823 350 3894 fonte
372 3821 563 3918 petentibus
581 3847 741 3918 responsa
772 3846 905 3920 semper
935 3819 1117 3892 emanent?

72 3941 287 4012 «Praesertim
307 3941 439 4033 quoties
459 3937 536 4009 fidei
558 3939 645 4012 ratio
667 3937 861 4024 ventilatur,
882 3938 1029 4011 arbitror
1042 3964 1118 4008 om·

73 4079 87 4114 a
106 4079 165 4127 ucs
177 4055 298 4134 fratres
313 4070 347 4126 et
361 4055 579 4151 coepiscopos
592 4069 737 4139 nostros,
752 4080 822 4126 non
834 4055 898 4126 uisi
910 4055 953 4125 ad
966 4057 1115 4142 Petrum,

74 4169 142 4240 aid
157 4188 223 4264 eat,
245 4173 299 4246 sui
325 4171 472 4244 nominis
497 4186 531 4245 et
553 4171 698 4252 honoris
715 4185 892 4242 auctorem
914 4165 1040 4242 referre
1058 4171 1117 4241 de-
