2804 5022
289 465 359 537 260
514 496 516 500 ·
630 469 826 535 rnorsrbnu
850 485 994 533 saurus.

290 645 308 683 α
325 617 512 704 notionem,
529 627 694 710 quatenus
712 613 845 684 anobis
864 612 973 684 valeat
986 615 1135 710 congrua
1149 611 1315 684 sinedubio

287 733 487 802 «sententia
511 729 696 822 terminari.
719 759 737 796 »
761 729 951 824 (sirmond,
972 744 997 800 t.
1015 735 1044 816 I,
1063 755 1099 824 p.
1113 727 1208 824 415.)

336 845 416 919 L’an
430 843 514 946 599,
532 845 555 916 il
572 847 712 917 exhorta
725 845 773 916 les
789 847 931 941 e'vdques
950 847 991 916 de
1004 849 1132 917 France
1151 847 1169 919 a
1186 845 1268 914 tenir
1281 868 1319 912 un

286 961 426 1052 concile,
439 978 473 1052 et
487 977 567 1032 veut
580 959 680 1056 qu’on
700 960 747 1031 lui
759 987 801 1032 en
817 962 906 1033 fasse
916 961 1092 1032 connaltre
1104 961 1151 1032 les
1164 975 1286 1031 statuts.

334 1078 625 1149 «Fraternitatem
635 1093 793 1166 vestram,
811 1092 951 1148 auctore
967 1079 1053 1166 De0,
1065 1076 1222 1148 volumus
1235 1099 1320 1170 syno-

287 1225 303 1259 α
317 1195 405 1278 (ἱιιιῐιΙ
420 1219 667 1291 congregare...
683 1197 735 1265 De
753 1193 880 1288 quibus
891 1195 1022 1265 cunctis
1039 1192 1322 1264 reverendissimus

284 1341 302 1376 e
317 1311 550 1380 fraternoster
566 1311 726 1405 Syagrius
754 1310 933 1406 episcopus
960 1336 1037 1380 cum
1065 1311 1160 1380 omni
1188 1305 1320 1405 synodo,

280 1417 532 1498 «dilectissimo
555 1411 673 1497 nostro
700 1427 845 1524 Cyriaco
874 1427 996 1497 abbate
1023 1443 1214 1517 remeante,
1239 1423 1325 1493 nobis

280 1568 386 1640 squae
405 1558 479 1615 acta
499 1557 579 1613 sunt
597 1541 732 1613 studeat
753 1543 967 1632 renuntiare,
985 1557 1021 1634 ut
1040 1537 1212 1614 subtiliter
1230 1563 1323 1635 agno-

280 1677 442 1732 «scentes
462 1659 544 1755 quid
569 1673 701 1728 etcum
725 1684 791 1754 qua
814 1657 944 1729 cautela
965 1659 1016 1749 vel
1040 1653 1188 1756 qualiter
1210 1659 1253 1728 sit
1278 1655 1327 1724 de·
1393 1743 1394 1760 ἵ

281 1791 460 1865 «cretum,
485 1775 812 1870 omnipotenti-Deo
833 1775 874 1844 de
896 1776 962 1845 vita
986 1790 1158 1864 vestreae
1184 1771 1328 1845 moribus

280 1893 439 1988 «gratias
457 1890 698 1961 incessabiliter
718 1891 958 1986 persolvamus.
977 1921 993 1957 n
1006 1889 1123 1986 (thid,
1138 1915 1219 1988 pag.
1239 1885 1329 1978 435.)

1355 2055 1357 2064 ι
1393 2039 1394 2068 l

1393 2103 1394 2192 l

330 2223 424 2289 Dans
452 2216 483 2287 le
508 2215 638 2287 concile
664 2214 893 2314 d’Allemagne
921 2209 965 2288 de
992 2221 1077 2316 741,
1108 2215 1250 2316 pre'sidd
1279 2239 1334 2311 par
1368 2271 1394 2301 Ι,

282 2336 461 2424 boniface,
488 2335 699 2429 archeveque
723 2333 765 2402 de
785 2339 947 2430 Mayence
974 2348 1008 2404 et
1036 2333 1128 2430 le'gat
1159 2325 1210 2405 du
1238 2333 1334 2406 saint·

280 2453 386 2548 siege,
405 2476 450 2520 on
471 2451 580 2520 arrtta
598 2465 693 2522 entre
712 2437 825 2520 autres
843 2450 992 2528 lesdeux
1007 2443 1135 2522 canons
1160 2455 1333 2522 suivants:
1393 2477 1394 2552 p

336 2566 385 2639 1⁰¹'
403 2592 512 2638 canon
528 2591 537 2638 ε
553 2597 570 2632 ι(
583 2567 803 2638 Decrevimus
817 2569 886 2638 haec
907 2571 942 2637 in
959 2583 1076 2638 nostro
1088 2566 1254 2664 'synodali
1270 2591 1338 2638 cou-

281 2715 297 2751 α
313 2699 413 2756 ventu
425 2738 434 2774 ,
447 2700 481 2754 et
496 2683 639 2754 confessi
653 2665 889 2754 sumus'fidem
899 2683 1099 2755 catholicam
1117 2701 1154 2755 et
1172 2687 1336 2754 unitatem

282 2833 299 2868 α
313 2816 347 2872 et
357 2802 598 2896 subjectionem
616 2794 777 2870 Romanae
791 2799 948 2871 Ecclesiae
962 2787 1030 2870 fine
1043 2791 1148 2871 tenus
1161 2803 1245 2872 vitae
1265 2824 1338 2870 nos·

251 2919 254 2926 '
280 2947 298 2982 a
315 2935 374 2990 trae
394 2915 479 2986 velle
503 2899 652 3005 servare3
679 2932 795 2987 sancto
820 2921 920 2988 Petro
946 2933 980 2987 et
1002 2917 1130 2993 vicario
1159 2919 1239 3014 ejus
1259 2913 1341 2987 velle

282 3033 451 3128 «subjici,
470 3032 637 3126 synodum
662 3058 722 3128 per
747 3017 864 3102 omrres
885 3058 992 3103 annos
1019 3057 1258 3130 congregare,
1278 3057 1341 3102 me·
1393 3099 1394 3120 2

279 3183 298 3236 Ιιι
314 3149 540 3246 tropolitanos
555 3147 655 3246 pallia
672 3150 714 3218 ab
730 3149 786 3219 illa
804 3149 1060 3244 sedequaerere,
1075 3163 1109 3218 et
1123 3153 1340 3246 peremnia,
1393 3151 1394 3156 ’

283 3299 299 3334 α
313 3268 600 3364 praeceptasssancti
615 3265 707 3335 Petri
721 3261 883 3336 canonice
896 3265 991 3360 sequi
1002 3264 1207 3338 desiderare
1218 3319 1229 3354 ‚
1242 3283 1283 3338 ut
1295 3268 1344 3336 in-

281 3397 364 3454 «ter
383 3409 461 3454 oves
478 3383 541 3452 sibi
565 3383 816 3453 commendatas
831 3407 1068 3471 numeremur3
1098 3397 1133 3450 et
1166 3385 1246 3454 istae
1268 3409 1345 3454 cou-

280 3499 444 3570 «fessioni
465 3500 609 3569 universi
633 3499 865 3569 consensimus
885 3511 919 3566 et
935 3496 1232 3593 subscripsimus,
1256 3497 1346 3580 etad

278 3642 435 3714 «eorpus
451 3595 556 3687 sancti
579 3616 669 3686 Petri
690 3616 851 3710 principis
873 3612 1105 3709 apostolorum
1130 3616 1342 3704 direximus,

280 3762 295 3795 α
312 3732 405 3826 quod
421 3731 622 3828 gratulando
633 3730 743 3800 clerus
756 3753 917 3800 romanus
931 3743 964 3798 et
979 3717 1134 3824 pontifex
1150 3737 1348 3830 suscepit.»

329 3845 385 3916 10e
410 3873 519 3916 canon
536 3873 544 3916 ε
560 3875 576 3912 α
593 3847 688 3917 ussi
712 3844 905 3952 sacerdotes
932 3843 982 3913 vel
1001 3844 1114 3940 plebes
1131 3836 1155 3916 a
1179 3849 1263 3948 lege
1283 3849 1348 3922 Dei

274 3991 289 4025 ιι
304 3961 453 4032 deviasse
469 3961 626 4034 viderim.
646 3975 681 4028 et
699 3960 868 4055 corrigere
887 3985 955 4028 uon
975 3962 1173 4055 potuerim,
1194 3965 1348 4039 fideliter

272 4109 287 4142 u
304 4103 434 4173 semper·
447 4076 516 4146 sedi
529 4077 722 4172 apostoticae
736 4090 770 4144 et
784 4076 909 4145 vicario
925 4077 1031 4146 sancti
1050 4078 1143 4147 Petei
1163 4081 1213 4152 ad
1232 4107 1349 4154 eruen-

609 2064 696 2132 vnr
717 2085 754 2128 n
775 2065 831 2128 uc
852 2053 1000 2148 sinens.
