2910 5038
357 309 371 341 b

292 440 515 508 optaramus
537 459 584 508 nu
608 461 759 508 concrnn
777 462 900 525 raon,
920 463 997 510 erc.
1090 435 1152 526 541

42 663 46 670 ,
113 585 231 656 devoir
248 586 447 684 reproduire
466 587 508 658 ici
534 587 707 684 presqu’en
727 591 835 658 entier
863 587 893 659 le
922 612 1059 686 passage
1076 588 1121 658 oli
1138 587 1160 658 il

114 705 214 773 truite
233 702 275 774 de
293 702 461 775 l’autorite‘
483 703 529 775 du
552 703 681 776 concile
705 705 891 800 provincial
916 720 950 774 et
975 704 1033 774 des
1052 704 1162 774 divers

116 818 226 913 objets
244 815 326 914 qu’il
343 834 423 914 peut
447 820 565 890 traiter
589 835 622 888 et
645 818 791 890 decider.
818 821 914 890 Nous
934 819 1012 890 n’en
1032 822 1164 917 suppri-

112 960 212 1006 mens
238 961 305 1031 que
335 961 373 1008 ce
400 935 458 1031 qui
484 934 628 1008 n'anrait
655 935 731 1032 plus
758 934 996 1032 d'application
1021 934 1169 1029 aujour-¹

110 1051 216 1124 d'hui.

163 1168 432 1264 «Exequendum
447 1183 587 1239 estante
602 1168 715 1239 omnia
733 1168 824 1264 qnod
836 1194 968 1240 sacrum
982 1170 1163 1242 concilium

66 1305 68 1308 ’
116 1287 352 1358 Tridentinum
375 1286 417 1358 ad
441 1285 646 1383 populorum
667 1286 923 1356 aedificationem
940 1301 974 1356 et
993 1287 1166 1358 catholicae

116 1403 196 1473 fidei
208 1403 399 1498 praesitlium
417 1404 621 1500 praeeepitin
637 1403 746 1498 capite
763 1428 799 1492 n,
814 1427 893 1472 sess.
910 1401 976 1474 25:
996 1427 1116 1497 nempe
1127 1419 1166 1474 ut

116 1519 150 1588 in
163 1519 271 1615 prima
282 1518 410 1614 synodo
420 1509 617 1616 provinciali
627 1541 746 1586 omues
755 1514 864 1612 palam
877 1517 1042 1611 recipiant
1052 1519 1167 1588 omnia

115 1649 149 1704 et
168 1632 300 1731 singula
314 1659 388 1728 quae
407 1634 443 1702 in
460 1632 579 1704 eodem
596 1631 741 1702 concilio
760 1631 961 1702 Tridentino
974 1632 1113 1704 delinita
1132 1649 1165 1704 et

116 1765 241 1822 statuta
252 1767 347 1841 sunt3
361 1775 494 1820 necnon
505 1773 615 1818 veram
630 1747 857 1819 obedientiam
867 1773 999 1820 summo
1010 1752 1165 1844 Romano
1187 1788 1191 1798 ·

117 1867 270 1963 pontifici
284 1865 471 1962 spondeant
485 1880 517 1936 et
529 1865 801 1962 profiteantur...
815 1867 849 1936 Si
864 1891 930 1961 qua
945 1866 979 1934 in
991 1867 1164 1962 provincia

117 1982 228 2051 adbuc
248 1982 373 2051 facturn
395 2007 462 2050 non
483 1996 550 2069 est,
568 1980 709 2050 omnino
730 1983 980 2076 quamprimum
1001 1982 1060 2052 fiat
1079 1985 1165 2054 etin

117 2097 258 2192 singulis
275 2096 440 2168 habendis
458 2096 592 2192 synodis
616 2098 775 2184 iteretur,
794 2099 933 2194 repetita
954 2097 1069 2168 saltem
1089 2097 1166 2170 lidei

118 2214 437 2310 professionejuxta
453 2211 668 2284 formulama
689 2213 765 2283 sede
786 2212 971 2310 apostolica
989 2216 1167 2312 praescrip-

118 2345 235 2401 tam...

167 2478 184 2512 «
193 2449 268 2516 Hoc
279 2446 424 2542 primum
439 2431 589 2540 peracto,
601 2443 642 2514 ad
656 2443 874 2538 corrigendos
883 2470 1036 2518 excessus
1046 2464 1081 2519 et
1090 2475 1167 2522 con·

120 2566 298 2636 troversias
313 2559 561 2658 componendas
572 2562 721 2631 animum
731 2562 907 2632 advertere
917 2566 1130 2660 oportebit...
1140 2623 1165 2661 .,

117 2697 157 2752 ut
174 2680 306 2775 justitia
333 2680 418 2748 viam
443 2692 658 2774 praeparante
681 2703 797 2748 ornnes
822 2681 974 2749 unanimi
1001 2707 1167 2755 consensu

117 2798 159 2868 ad
181 2795 246 2868 alia
271 2795 467 2890 exequenda
493 2793 717 2889 expeditiores
735 2794 930 2891 procedant.
951 2798 1169 2895 Quapropter

117 2911 404 3011 expostulantium
416 2910 559 3006 querelae
570 2926 603 2979 et
617 2914 845 2982 accusationes
859 2937 928 2981 non
938 2913 1039 2984 modo
1050 2931 1169 2987 contra

119 3030 290 3102 inferioris
312 3029 441 3098 ordinis
465 3025 622 3115 clericos,
638 3027 694 3098 sed
712 3029 924 3125 potissimum
951 3045 1070 3100 contra
1096 3035 1168 3129 epi·

117 3172 251 3242 scopos,
273 3146 450 3241 ipsumque
472 3142 785 3240 metropolitanum,
798 3147 901 3240 aequis
919 3147 1058 3217 auribus
1079 3151 1169 3220 cxci·

119 3266 270 3359 pientur,
290 3278 322 3332 ct
340 3277 443 3358 prout
457 3260 586 3355 justitia
597 3262 740 3332 suaserit
750 3262 1034 3334 terminabuntur.
1052 3264 1108 3358 (C.
1127 3267 1169 3336 de

119 3377 307 3466 Conciliis,
338 3377 379 3448 18
408 3375 505 3472 dist.)
528 3375 631 3467 Quod
651 3378 676 3447 si
705 3377 873 3473 pleniores
899 3379 1117 3475 probationes
1137 3399 1170 3454 et

118 3495 324 3566 exactiorem
349 3494 578 3588 cognitionem
609 3493 779 3587 postulent
802 3519 904 3588 qnam
932 3510 971 3564 ut
999 3497 1093 3566 brevi
1112 3498 1170 3569 illo

120 3628 272 3706 tempore
298 3609 446 3705 expediri
474 3610 622 3705 possint,
638 3608 811 3704 jndicibus
834 3634 855 3678 a
881 3610 1009 3704 synodo
1030 3614 1170 3707 provin·
1273 3641 1276 3646 ·

119 3728 194 3818 ciali
205 3726 375 3821 deputatis
385 3725 626 3820 cognoscendae
638 3751 675 3794 ac
686 3723 884 3794 definiendae
897 3729 1167 3824 committantur,

118 3843 161 3912 ad
173 3842 407 3938 praescriptum
419 3839 551 3910 concilii
564 3841 845 3936 Tridentini,cap.
855 3840 890 3930 5,
901 3842 935 3910 iu
946 3842 1099 3913 finesess.
1112 3853 1170 3935 24,

171 3988 187 4022 α
198 3961 264 4028 Nec
275 3956 383 4028 solum
394 3957 436 4027 ad
450 3959 648 4053 petitionem
659 3957 816 4046 aliorum,
830 3957 997 4028 sedetiam
1009 3963 1171 4036 exofficio

120 4074 269 4169 synodus
289 4073 507 4169 provincialis
530 4074 678 4169 inquiret
696 4085 829 4144 contra
844 4075 1020 4171 episcopos
1039 4078 1074 4148 in
1096 4083 1171 4152 uni·

104 4215 253 4264 vversum
273 4189 379 4288 (Tot.
395 4214 474 4262 sess.
492 4187 555 4279 25,
576 4215 602 4260 c.
630 4189 665 4287 r)
677 4189 854 4285 quomodo
874 4215 908 4264 se
931 4189 1079 4268 habeant
1093 4221 1171 4300 erga
