2806 5024
190 466 384 514 rnnsonnrs
403 467 619 516 conrossnr
639 469 680 514 ns
698 469 865 534 correns,
878 469 952 517 ero.
1038 445 1105 542 180

9 671 10 676 Ξ
121 595 174 664 Ces
195 593 280 664 deux
309 609 413 664 tentes
431 609 637 666 concernent
661 592 705 664 ies
728 597 871 690 dvdques
894 595 1098 690 suffragants

9 689 11 846 Ξ
81 721 106 775 et
122 732 181 777 non
195 707 235 780 le
243 708 511 805 metropolitain3
532 735 589 780 car
607 709 740 781 ceioi·
696 737 742 780 -cr
760 736 918 781 conserve
941 711 1098 805 toojours

9 857 10 860 ¹
81 825 279 918 soprinrautd,
290 825 404 922 quand
418 828 526 896 meme
543 825 565 896 ἰΙ
583 828 683 896 serait
698 827 728 896 ie
739 827 849 898 moins
862 828 979 898 ancien
993 843 1100 923 quant

80 936 367 1030 ii’ordination,
339 943 423 1012 ainsi
442 969 507 1037 qne
527 942 559 1014 le
571 941 700 1013 deniare
717 941 747 1013 ie
768 969 877 1016 onnon
898 943 1042 1014 Placuit
1058 945 1100 1013 do

79 1052 101 1121 la
117 1055 165 1126 18e
182 1057 389 1146 distinction,
405 1059 489 1128 ainsi
509 1084 617 1152 conpn
636 1089 644 1132 ε
669 1089 686 1125 α
703 1059 833 1129 Placuit
852 1075 889 1129 ut
904 1075 1102 1130 conservato

79 1173 343 1268 «metropolitani
375 1176 546 1269 primatu,
579 1176 688 1245 caeteri
714 1176 886 1271 episcopi,
914 1176 1099 1245 secundnm

9 1297 11 1344 ἰ
79 1312 157 1366 rsoae
170 1289 392 1360 ordinationis
412 1307 562 1386 ternpus,
580 1290 664 1360 aiios
684 1291 740 1361 alii
755 1291 882 1362 deferat
897 1289 1021 1363 locum.
1043 1325 1060 1358 o

109 1407 163 1474 Cet
180 1406 280 1476 ordre
298 1406 340 1476 de
360 1409 541 1503 prdsdance
561 1423 657 1477 entre
680 1406 727 1478 les
745 1404 887 1501 ‹iveques
907 1423 956 1478 est
978 1434 1100 1479 encore

76 1523 193 1610 proserit
212 1548 275 1619 par
293 1523 322 1592 ie
339 1521 552 1595 Cerdmonial
575 1523 633 1595 des
657 1526 798 1619 dvdques
813 1550 854 1594 en
876 1549 930 1592 ces
950 1539 1096 1595 termes:

9 1685 10 1688 ,
75 1640 129 1706 rin
145 1640 288 1710 sessione
302 1667 381 1710 vero
400 1657 433 1710 et
449 1638 569 1712 ordine
590 1641 782 1736 proferendi
799 1656 898 1729 voto,
915 1641 1097 1712 observan-

74 1753 164 1824 rdnrn
183 1772 233 1827 est
252 1771 293 1826 ut
314 1758 463 1855 episc'opi
486 1757 676 1852 praecedant
693 1758 789 1852 juxto
808 1754 962 1829 ordinem
978 1783 1096 1829 eorum

74 1873 318 1962 «promotionis,
335 1871 428 1943 nullo
449 1873 565 1945 habito
592 1889 747 1970 respectu
765 1873 808 1944 ed
827 1873 1025 1970 dignitatem
1048 1877 1096 1946 vel

10 1979 11 1986 Ξ
73 2011 84 2044 r
99 1987 376 2079 proeminentiam
395 1987 653 2060 ecelesiarum.»
