2910 5038
528 457 770 524 ceueuouiae.
1107 449 1178 549 573

126 598 262 695 placita,
279 614 314 671 et
329 598 428 672 dietis
446 627 653 701 exequamur
680 619 712 674 et
734 603 848 692 factis3
871 605 933 672 Per
956 601 1178 675 Dominum...

126 716 160 784 iu
181 716 313 788 unitate
336 717 528 813 ejusdem...
548 723 599 817 ps.
617 723 738 792 Amen.

505 949 507 954 .
573 891 733 960 Oremus.

174 1022 226 1090 Et
242 1021 398 1092 nainistta'
416 1021 562 1093 dicunt:
707 1111 710 1120 ,

174 1140 201 1206 F
203 1133 364 1208 lactamus
378 1163 499 1234 genua.
513 1181 562 1192 —
573 1141 708 1210 Levote.

174 1255 286 1342 Deus,
307 1255 364 1350 qui
390 1281 452 1325 nos
483 1257 648 1348 justitiam
674 1253 787 1349 loqui,
815 1268 850 1322 et
882 1276 957 1346 quae
988 1269 1078 1324 recta
1102 1273 1182 1326 sunt

124 1371 280 1466 praecipis
302 1370 455 1466 judicare
471 1398 479 1442 ε
496 1372 608 1442 tribue
637 1371 752 1459 nobis,
772 1386 810 1441 ut
828 1397 938 1468 neque
966 1351 1125 1466 iuiquitas
1146 1375 1180 1442 in

124 1511 202 1574 ore,
223 1512 285 1556 nec
305 1488 453 1582 pravitas
476 1488 670 1559 inveniatur
699 1490 733 1558 iu
762 1504 896 1580 mente,
921 1503 958 1558 ut
978 1512 1067 1585 puro
1086 1488 1180 1556 cordi

124 1602 247 1696 purior
268 1628 378 1674 sermo
398 1605 609 1692 consentiat,
628 1604 829 1674 ostendatur
849 1604 884 1672 in
911 1629 1013 1699 opere
1029 1603 1179 1698 justitia,

126 1743 237 1813 neque
255 1735 417 1821 appareat
435 1715 533 1788 dolus
563 1720 597 1787 in
619 1716 759 1814 lingua,
790 1717 847 1788 sed
872 1744 913 1788 ex
934 1717 1035 1788 corde
1058 1719 1181 1788 veritas

126 1833 340 1928 proferatur3
362 1837 426 1904 Pes
445 1836 668 1905 Dominum...
682 1837 733 1931 Ps.
753 1839 869 1904 Amen.

175 1991 264 2056 Post
279 1985 358 2056 laoec
365 1984 545 2083 pontifex,
562 2003 708 2084 accepta
720 1988 840 2076 nu'tru,
857 1984 1018 2057 ascendet
1035 1984 1087 2054 od
1099 1984 1146 2082 pl
1169 2026 1183 2039 ·

125 2128 213 2174 ntem
240 2100 382 2187 altaris,
404 2119 438 2173 et
457 2101 556 2174 sedet
578 2105 615 2173 in
641 2103 725 2173 sede
745 2128 808 2174 seu
824 2100 1035 2198 faldistorio
1054 2100 1183 2172 ibidem

125 2218 199 2290 sita·
212 2234 357 2315 parato.
388 2224 476 2290 Tum
495 2209 635 2290 accedit
651 2219 822 2290 diaconus
840 2243 920 2289 cum
938 2216 1180 2313 tauriformis,
1197 2201 1199 2206 ,

126 2351 162 2406 et
179 2334 352 2432 pontifex
371 2337 520 2433 imponit
541 2338 743 2421 iuuenum
768 2334 894 2404 deiude
916 2333 1065 2405 diacono
1080 2333 1183 2404 bene·

125 2453 228 2540 dicit,
251 2454 316 2550 qui
335 2450 531 2549 procedens
550 2449 601 2520 ud
618 2450 734 2523 locum
752 2467 954 2522 consuetum
973 2453 1112 2548 signat,
1131 2450 1184 2519 iu·
1218 2471 1219 2474 ’

129 2584 255 2639 censat
281 2584 316 2637 et
338 2582 464 2638 cantat
479 2565 701 2664 evangelium
725 2581 763 2635 ut
790 2564 886 2655 lteri,
906 2567 1082 2661 pontifice
1100 2581 1184 2634 ante

125 2681 248 2755 sedem
269 2681 486 2780 praedictam
523 2683 602 2752 sine
633 2683 740 2751 mitra
775 2705 880 2750 verso
913 2679 965 2750 ud
995 2679 1183 2752 diaconum

126 2816 274 2871 stante:

174 2930 688 3029 SequentiasanctiEvangelii†
699 2930 885 3001 seeundum
897 2931 1099 3028 Lucam.(C.
1114 2931 1183 3028 ιο.)

179 3053 221 3118 In
240 3047 298 3118 illo
315 3064 486 3143 tempore:
506 3047 706 3144 Designavit
719 3047 887 3117 Dominus
901 3062 935 3117 et
950 3045 1033 3117 alios
1048 3061 1185 3143 septua-

128 3167 226 3262 ginta
247 3165 351 3255 duos,
376 3181 410 3235 et
429 3165 520 3234 misit
548 3163 621 3234 illos
647 3165 747 3234 binos
776 3178 854 3233 ante
885 3161 1004 3232 faciem
1027 3187 1120 3233 suam
1149 3164 1184 3232 in

128 3307 266 3353 omnem
289 3281 457 3350 civitatem
479 3295 514 3350 et
536 3280 648 3350 locum
672 3304 741 3374 quo
760 3293 831 3350 erat
857 3280 927 3375 ipse
948 3294 1122 3349 venturus.
1141 3281 1186 3348 Et

127 3398 262 3468 dicebat
293 3395 360 3466 illis
384 3397 529 3466 :Messis
568 3387 705 3490 quidem
740 3376 864 3476 multa,
892 3395 1037 3488 operarii
1070 3407 1184 3463 autem

128 3514 240 3610 pauci.
260 3517 389 3606 Rogate
408 3535 489 3606 ergo
506 3511 692 3581 Dominum
717 3511 851 3596 messis,
870 3523 908 3578 ut
936 3509 1048 3578 mittat
1067 3533 1185 3604 opetu-

131 3633 199 3700 rios
231 3629 267 3696 in
301 3651 438 3696 messem
468 3650 572 3696 suani.
596 3628 761 3693 Itezecce
787 3649 849 3718 ego
867 3624 980 3694 sinitto
1010 3648 1069 3692 vos
1098 3624 1185 3694 sicut

128 3771 236 3843 agnos
253 3745 341 3813 inter
363 3741 471 3838 lupos.
489 3739 608 3813 Nolite·
624 3754 760 3838 portare
776 3736 966 3827 sacculum,
990 3765 1100 3834 neque
1123 3766 1184 3834 pe·

129 3889 215 3949 ram,
232 3885 341 3955 neque
362 3858 606 3945 calceamenta,
632 3871 667 3925 et
685 3857 853 3932 neminem
876 3881 937 3952 per
960 3857 1045 3926 vium
1063 3855 1186 3927 saluta-

130 3977 257 4048 veritis.
277 3979 319 4045 In
335 3998 585 4070 quamcumque
613 3971 751 4042 doenum
780 3971 1005 4057 intraveritis,
1035 3973 1184 4065 primum

129 4094 255 4163 dicite:
272 4095 341 4161 Pax
360 4091 440 4160 huic
460 4087 597 4179 domui3
619 4103 653 4158 et
669 4089 695 4156 si
714 4089 760 4157 ibi
779 4088 882 4158 fuerit
902 4087 991 4157 filius
1009 4089 1111 4182 pacis,
1134 4115 1185 4157 re-

132 4209 283 4304 quiescet
301 4231 404 4303 supea
423 4203 517 4275 iilum
542 4229 606 4298 pax
628 4219 759 4283 vestra:
775 4204 826 4274 siu
848 4218 974 4292 autem,
995 4203 1036 4272 ad
1061 4229 1119 4272 vos
1138 4229 1186 4274 re·
