2836 5024
313 469 380 574 tid
624 487 626 492 ’
659 471 843 560 neutrius
869 485 1009 566 pierre.

306 641 419 722 nsunt
437 622 668 724 privilegium,
691 624 761 694 sire
778 623 822 697 ob
842 623 1030 723 sanctitatis
1049 621 1204 722 gratiam,
1222 617 1289 692 sive
1306 617 1346 690 ob

305 772 323 838 a
339 739 524 835 nobilitatis
540 739 696 840 gloriani,
715 754 754 809 ut
767 735 860 810 saiva
878 736 1134 847 metropolitani
1148 729 1346 836 subjectione

302 857 579 956 sarchiepiscepi
606 856 831 954 fungerentur
860 856 973 926 officio
1002 857 1243 928 ethonore.»
1269 855 1344 925 Bien

302 975 390 1074 plus,
403 974 435 1048 le
446 977 524 1048 titre
535 973 577 1046 de
588 973 810 1071 patriarchen
827 973 880 1044 e'te
894 971 1106 1068 quelquefois
1120 973 1204 1044 ainsi
1214 969 1344 1044 accorde'

298 1089 918 1190 epnmepurenenthonorifique.Oe
927 1105 1006 1186 peut
1016 1092 1099 1162 citer
1106 1088 1344 1188 pourexernple

300 1209 500 1306 Jteduiphe,
525 1207 736 1306 arebevtque
751 1203 792 1276 de
811 1210 960 1304 Bourges
970 1259 980 1294 ,
1000 1207 1058 1302 qui
1074 1207 1248 1303 paraissait
1268 1231 1343 1276 vou-

297 1317 363 1404 ioir
389 1326 582 1405 s'attribuer
603 1349 646 1397 cn
666 1337 754 1394 cette
779 1321 906 1421 quaiitd
931 1323 973 1398 de
995 1303 1185 1419 patriarche
1208 1321 1342 1420 quelque

292 1443 494 1540 juridiction
519 1467 578 1512 sur
604 1438 834 1534 I'archequue,
861 1439 902 1516 de
923 1439 1130 1532 Narbonae,
1159 1455 1195 1509 et
1223 1435 1337 1538 auquel

295 1585 383 1656 pqur
399 1574 453 1630 cet
469 1558 564 1652 objet
581 1555 612 1633 te
631 1581 716 1654 pape
730 1553 1053 1630 .Nicolas1“‹icrivit
1072 1583 1114 1628 en
1135 1582 1190 1628 ces
1202 1542 1336 1628 tennes:

294 1681 542 1770 qunquestus
572 1688 622 1768 cst
648 1671 851 1772 apestoiatui
882 1687 997 1760 nostru
1021 1673 1126 1746 frater
1154 1687 1269 1743 nester
1292 1673 1337 1743 Si·

292 1791 495 1888 agedodus,
520 1787 796 1888 archiepiscopus
822 1789 1069 1880 Narbonensis,
1096 1790 1190 1886 quod
1210 1788 1338 1858 clericos

292 1930 402 1998 esups
423 1931 463 1982 en
482 1905 589 1977 invite
609 1904 652 1999 ad
668 1903 836 1999 judiciuin
858 1919 954 1993 tuum
977 1905 1092 1990 venire
1110 1904 1337 2005 compellasset

290 2050 307 2092 r
324 2015 475 2106 derebus
485 2020 527 2100 ad
540 2018 714 2113 ecclesianp
731 2046 826 2092 suam
844 2021 1140 2116 pertinentibuseo
1152 2019 1336 2093 inconsulto

290 2139 420 2232 equasi
434 2139 511 2232 jure
529 2137 779 2234 patriarchatus
809 2138 861 2235 tui
880 2137 1039 2235 disponas
1061 2165 1069 2208 :
1089 2164 1168 2212 curn
1193 2140 1257 2210 hoc
1282 2163 1336 2208 nec

287 2283 305 2332 r
320 2255 517 2348 antiquitas,
530 2249 584 2329 cui
594 2268 705 2350 patres
721 2269 904 2326 sanxerunt
919 2256 1153 2344 reverentiam,
1169 2257 1298 2344 habeat,
1307 2268 1335 2322 et

286 2372 499 2448 reuerentes
514 2396 687 2468 sacrorum
699 2397 867 2470 caupnurn
881 2373 1015 2476 penitus
1025 2373 1266 2445 interdicat...»
1277 2369 1332 2468 (t).

287 2485 484 2584 Is'dpitaphe
497 2487 539 2582 de
548 2488 654 2560 Henri
667 2484 726 2578 les,
739 2486 1115 2587 cardinal-archevdque
1127 2489 1170 2560 de
1181 2495 1332 2588 Bourges‚

285 2620 376 2695 pnort
394 2630 437 2676 en
460 2629 565 2696 1200,
585 2619 635 2676 est
647 2605 731 2678 ainsi
753 2606 934 2706 rapporte'e
952 2604 1034 2679 daus
1048 2604 1079 2676 le
1096 2607 1221 2678 Gallia
1236 2595 1332 2678 chris·

286 2724 400 2813 iruna,
411 2725 451 2792 T.
468 2748 504 2812 n,
517 2720 581 2793 coi.
592 2720 650 2794 26.

383 2890 439 2950 Hic
453 2889 550 2952 bonus
564 2891 709 2962 tierricus
723 2891 769 2952 vir
783 2861 893 2951 nubitis
906 2904 936 2950 et
952 2887 1122 2972 patriarcba

381 2987 542 3064 Quondam
556 2990 718 3062 Bituricus,
732 2989 837 3052 tumuli
848 2989 930 3069 jacet
941 2990 1028 3071 bujus
1042 2991 1073 3060 iu
1087 3008 1167 3054 arca.

331 3159 396 3229 Les
414 3173 504 3228 actes
522 3158 567 3228 du
582 3157 711 3231 concile
731 3159 772 3230 de
790 3161 940 3258 Bourges
952 3161 995 3232 d'e
1015 3159 1120 3233 1528
1128 3160 1328 3244 reniernient
1375 3147 1377 3154 ¹
1395 3179 1396 3207 t

281 3301 336 3345 ces
358 3289 473 3345 mets:
496 3271 731 3348 «Praesrdente
746 3277 927 3348 Frencrsco
943 3277 985 3348 de
1000 3282 1187 3366 Tournon
1209 3277 1394 3351 archie-

284 3421 301 3456 α
324 3393 466 3504 piscopo
485 3365 687 3509 patriarcha
694 3389 918 3510 Bituriccnsi,
931 3383 1074 3504 priumie
1089 3397 1290 3492 Aquitaniae
1308 3421 1323 3457 s

279 3501 307 3583 lt
320 3508 431 3625 perait
444 3533 568 3606 parces
581 3479 740 3608 citations
753 3536 842 3608 que
835 3509 880 3580 ies
890 3507 1115 3608 archeveques
1125 3508 1171 3582 de
1182 3509 1325 3609 Bourges
1390 3531 1391 3592 t

279 3619 447 3726 retinrent
464 3653 545 3698 avec
566 3625 640 3730 sein
663 3627 693 3698 ie
713 3631 790 3699 titre
794 3627 850 3724 de
860 3631 1099 3736 patriarches3
1120 3634 1206 3704 mais
1226 3659 1270 3702 on
1286 3653 1323 3698 ne
1386 3607 1390 3747 ,i

275 3753 346 3842 uoit
368 3777 427 3848 pas
444 3753 562 3848 depuis
570 3719 763 3848 Roduipbe
783 3717 881 3852 du’iis
904 3757 995 3826 aient
1020 3751 1139 3874 japnais
1163 3738 1321 3852 entrepris

1384 3905 1386 3979 i

308 3991 347 4058 (r)
368 3989 455 4042 Cause
473 3996 510 4058 9‘,
531 4001 618 4060 quest.
630 3989 666 4056 δ’,
679 4009 769 4046 canon
780 3994 817 4047 8⁰.
845 3994 955 4048 Nicetes
971 3995 1008 4047 Ier
1020 3995 1206 4066 neregardait
1222 4009 1320 4050 comme
1383 3983 1385 4058 i

270 4078 341 4130 vrais
362 4073 530 4149 patriarches
554 4094 607 4150 que
629 4099 697 4134 ceux
715 4081 749 4135 de
771 4085 873 4148 Rome,
897 4079 1087 4138 dAiexandrie
1101 4096 1127 4140 et
1145 4079 1335 4141 d’Antieetie,

269 4182 376 4218 comme
396 4166 413 4219 ii
430 4166 456 4219 ie
470 4165 512 4218 dit
528 4184 562 4219 en
585 4185 699 4239 propres
719 4179 817 4222 termes
839 4169 907 4224 dans
922 4187 951 4225 se
969 4174 1095 4256 Reponse
1113 4189 1168 4228 aux
1182 4171 1316 4238 uulgare
1382 4167 1383 4207 t

224 4283 227 4288 ·
269 4257 415 4328 rapportee
429 4271 478 4328 par
490 4254 590 4310 Benoit
601 4256 674 4326 XIV
688 4255 750 4314 loce
765 4258 859 4322 citato
1380 4239 1382 4314 i
