<?xml version="1.0" encoding="UTF-8"?>
<!DOCTYPE html PUBLIC "-//W3C//DTD XHTML 1.0 Transitional//EN"
    "http://www.w3.org/TR/xhtml1/DTD/xhtml1-transitional.dtd">
<html xmlns="http://www.w3.org/1999/xhtml" xml:lang="en" lang="en">
 <head>
  <title>
</title>
<meta http-equiv="Content-Type" content="text/html;charset=utf-8" />
  <meta name='ocr-system' content='tesseract 3.04.00' />
  <meta name='ocr-capabilities' content='ocr_page ocr_carea ocr_par ocr_line ocrx_word'/>
</head>
<body>
  <div class='ocr_page' id='page_1' title='image "./duconcileprovin00bouigoog/duconcileprovin00bouigoog_0442.png"; bbox 0 0 2844 5028; ppageno 0'>
   <div class='ocr_carea' id='block_1_1' title="bbox 292 454 1000 539">
    <p class='ocr_par' dir='ltr' id='par_1_1' title="bbox 292 454 1000 539">
     <span class='ocr_line' id='line_1_1' title="bbox 292 454 1000 539; baseline -0.027 0"><span class='ocrx_word' id='word_1_1' title='bbox 292 454 363 539; x_wconf 67' lang='lat'>4²4</span> <span class='ocrx_word' id='word_1_2' title='bbox 633 459 838 538; x_wconf 77' lang='lat' dir='ltr'>Qusrnrinm</span> <span class='ocrx_word' id='word_1_3' title='bbox 863 475 1000 526; x_wconf 80' lang='lat' dir='ltr'>ranrrs.</span> 
     </span>
    </p>
   </div>
   <div class='ocr_carea' id='block_1_2' title="bbox 291 589 1403 700">
    <p class='ocr_par' dir='ltr' id='par_1_2' title="bbox 291 589 1403 700">
     <span class='ocr_line' id='line_1_2' title="bbox 291 589 1403 700; baseline -0.002 -27"><span class='ocrx_word' id='word_1_4' title='bbox 291 603 414 700; x_wconf 79' lang='lat' dir='ltr'>vilegio</span> <span class='ocrx_word' id='word_1_5' title='bbox 438 629 506 674; x_wconf 91' lang='lat' dir='ltr'>non</span> <span class='ocrx_word' id='word_1_6' title='bbox 530 589 700 695; x_wconf 87' lang='lat' dir='ltr'>obstante,</span> <span class='ocrx_word' id='word_1_7' title='bbox 717 603 955 676; x_wconf 78' lang='lat' dir='ltr'>inviolabiliter</span> <span class='ocrx_word' id='word_1_8' title='bbox 977 604 1171 692; x_wconf 87' lang='lat' dir='ltr'>observent;</span> <span class='ocrx_word' id='word_1_9' title='bbox 1199 616 1314 699; x_wconf 68' lang='lat' dir='ltr'>preter·</span> <span class='ocrx_word' id='word_1_10' title='bbox 1402 657 1403 692; x_wconf 69' lang='lat'>,</span> 
     </span>
    </p>
   </div>
   <div class='ocr_carea' id='block_1_3' title="bbox 291 719 1317 818">
    <p class='ocr_par' dir='ltr' id='par_1_3' title="bbox 291 707 1403 818">
     <span class='ocr_line' id='line_1_3' title="bbox 291 719 1317 818; baseline -0.004 -27"><span class='ocrx_word' id='word_1_11' title='bbox 291 745 394 818; x_wconf 87' lang='lat' dir='ltr'>quarn</span> <span class='ocrx_word' id='word_1_12' title='bbox 426 720 537 815; x_wconf 89' lang='lat' dir='ltr'>quoad</span> <span class='ocrx_word' id='word_1_13' title='bbox 563 720 744 792; x_wconf 70' lang='lat' dir='ltr'>concilium</span> <span class='ocrx_word' id='word_1_14' title='bbox 772 719 1002 817; x_wconf 81' lang='lat' dir='ltr'><strong>provinciale,</strong></span> <span class='ocrx_word' id='word_1_15' title='bbox 1034 720 1126 815; x_wconf 89' lang='lat' dir='ltr'>quod</span> <span class='ocrx_word' id='word_1_16' title='bbox 1148 720 1187 790; x_wconf 87' lang='lat' dir='ltr'>de</span> <span class='ocrx_word' id='word_1_17' title='bbox 1214 734 1317 790; x_wconf 73' lang='lat' dir='ltr'>caure</span> 
     </span>
    </p>
   </div>
   <div class='ocr_carea' id='block_1_4' title="bbox 291 833 1321 1279">
    <p class='ocr_par' dir='ltr' id='par_1_4' title="bbox 291 833 1320 1162">
     <span class='ocr_line' id='line_1_4' title="bbox 293 833 1319 930; baseline -0.003 -25"><span class='ocrx_word' id='word_1_18' title='bbox 293 833 434 930; x_wconf 84' lang='lat' dir='ltr'>singulis</span> <span class='ocrx_word' id='word_1_19' title='bbox 450 837 602 906; x_wconf 83' lang='lat' dir='ltr'>trienniis</span> <span class='ocrx_word' id='word_1_20' title='bbox 624 836 842 925; x_wconf 80' lang='lat' dir='ltr'><strong>mandamus,</strong></span> <span class='ocrx_word' id='word_1_21' title='bbox 859 837 901 906; x_wconf 86' lang='lat' dir='ltr'>ad</span> <span class='ocrx_word' id='word_1_22' title='bbox 914 833 1039 930; x_wconf 83' lang='lat' dir='ltr'>illaque</span> <span class='ocrx_word' id='word_1_23' title='bbox 1053 837 1153 906; x_wconf 87' lang='lat' dir='ltr'>etium</span> <span class='ocrx_word' id='word_1_24' title='bbox 1170 851 1319 930; x_wconf 85' lang='lat' dir='ltr'>exemptos</span> 
     </span>
     <span class='ocr_line' id='line_1_5' title="bbox 291 950 1320 1048; baseline 0 -29"><span class='ocrx_word' id='word_1_25' title='bbox 291 950 450 1021; x_wconf 79' lang='lat' dir='ltr'>accedere</span> <span class='ocrx_word' id='word_1_26' title='bbox 466 951 587 1020; x_wconf 90' lang='lat' dir='ltr'>debere</span> <span class='ocrx_word' id='word_1_27' title='bbox 605 951 835 1040; x_wconf 85' lang='lat' dir='ltr'>decernimus,</span> <span class='ocrx_word' id='word_1_28' title='bbox 848 950 1026 1048; x_wconf 82' lang='lat' dir='ltr'>privilegio</span> <span class='ocrx_word' id='word_1_29' title='bbox 1041 976 1081 1021; x_wconf 87' lang='lat' dir='ltr'>nc</span> <span class='ocrx_word' id='word_1_30' title='bbox 1099 951 1320 1022; x_wconf 89' lang='lat' dir='ltr'>consuetudine</span> 
     </span>
     <span class='ocr_line' id='line_1_6' title="bbox 293 1067 1053 1162; baseline -0.004 -27"><span class='ocrx_word' id='word_1_31' title='bbox 293 1091 509 1162; x_wconf 88' lang='lat' dir='ltr'>quacumque</span> <span class='ocrx_word' id='word_1_32' title='bbox 522 1069 691 1139; x_wconf 84' lang='lat' dir='ltr'>contraria</span> <span class='ocrx_word' id='word_1_33' title='bbox 713 1093 781 1138; x_wconf 90' lang='lat' dir='ltr'>non</span> <span class='ocrx_word' id='word_1_34' title='bbox 796 1067 1020 1138; x_wconf 85' lang='lat' dir='ltr'>obstantibus.</span> <span class='ocrx_word' id='word_1_35' title='bbox 1036 1097 1053 1133; x_wconf 88' lang='lat'>»</span> 
     </span>
    </p>

    <p class='ocr_par' dir='ltr' id='par_1_5' title="bbox 340 1180 1321 1279">
     <span class='ocr_line' id='line_1_7' title="bbox 340 1180 1321 1279; baseline -0.004 -25"><span class='ocrx_word' id='word_1_36' title='bbox 340 1181 446 1254; x_wconf 85' lang='lat' dir='ltr'>Ensm</span> <span class='ocrx_word' id='word_1_37' title='bbox 472 1181 503 1252; x_wconf 86' lang='lat' dir='ltr'>le</span> <span class='ocrx_word' id='word_1_38' title='bbox 523 1180 652 1252; x_wconf 87' lang='lat' dir='ltr'>concile</span> <span class='ocrx_word' id='word_1_39' title='bbox 677 1183 719 1252; x_wconf 93' lang='lat' dir='ltr'>de</span> <span class='ocrx_word' id='word_1_40' title='bbox 740 1187 883 1270; x_wconf 86' lang='lat' dir='ltr'>Trcntc,</span> <span class='ocrx_word' id='word_1_41' title='bbox 905 1207 982 1252; x_wconf 84' lang='lat' dir='ltr'>sans</span> <span class='ocrx_word' id='word_1_42' title='bbox 1003 1184 1075 1253; x_wconf 91' lang='lat' dir='ltr'>rien</span> <span class='ocrx_word' id='word_1_43' title='bbox 1098 1183 1243 1279; x_wconf 76' lang='lat' dir='ltr'>changes</span> <span class='ocrx_word' id='word_1_44' title='bbox 1260 1183 1277 1252; x_wconf 77' lang='lat' dir='ltr'>it</span> <span class='ocrx_word' id='word_1_45' title='bbox 1297 1181 1321 1251; x_wconf 82' lang='lat' dir='ltr'>ia</span> 
     </span>
    </p>
   </div>
   <div class='ocr_carea' id='block_1_5' title="bbox 188 1295 1404 1511">
    <p class='ocr_par' dir='ltr' id='par_1_6' title="bbox 188 1295 1404 1511">
     <span class='ocr_line' id='line_1_8' title="bbox 188 1295 1404 1396; baseline 0.001 -30"><span class='ocrx_word' id='word_1_46' title='bbox 188 1295 189 1299; x_wconf 62' lang='grc'>’</span> <span class='ocrx_word' id='word_1_47' title='bbox 292 1295 766 1395; x_wconf 69' lang='lat' dir='ltr'>regledtablieporLeonX,</span> <span class='ocrx_word' id='word_1_48' title='bbox 786 1299 870 1368; x_wconf 90' lang='lat' dir='ltr'>mais</span> <span class='ocrx_word' id='word_1_49' title='bbox 886 1300 1224 1396; x_wconf 83' lang='lat' dir='ltr'>roulantenpresser</span> <span class='ocrx_word' id='word_1_50' title='bbox 1240 1297 1322 1368; x_wconf 72' lang='lat' dir='ltr'>l’exd·</span> <span class='ocrx_word' id='word_1_51' title='bbox 1403 1379 1404 1390; x_wconf 9' lang='grc' dir='ltr'>ἵ</span> 
     </span>
     <span class='ocr_line' id='line_1_9' title="bbox 292 1411 1404 1511; baseline -0.001 -29"><span class='ocrx_word' id='word_1_52' title='bbox 292 1412 409 1484; x_wconf 91' lang='lat' dir='ltr'>cution</span> <span class='ocrx_word' id='word_1_53' title='bbox 439 1439 480 1484; x_wconf 90' lang='lat' dir='ltr'>en</span> <span class='ocrx_word' id='word_1_54' title='bbox 507 1411 665 1484; x_wconf 75' lang='lat' dir='ltr'>decidant</span> <span class='ocrx_word' id='word_1_55' title='bbox 694 1413 741 1485; x_wconf 92' lang='lat' dir='ltr'>les</span> <span class='ocrx_word' id='word_1_56' title='bbox 765 1437 821 1484; x_wconf 90' lang='lat' dir='ltr'>cas</span> <span class='ocrx_word' id='word_1_57' title='bbox 848 1414 1049 1510; x_wconf 76' lang='lat' dir='ltr'>principatur</span> <span class='ocrx_word' id='word_1_58' title='bbox 1072 1417 1321 1511; x_wconf 64' lang='lat' dir='ltr'>quijpouvaient</span> <span class='ocrx_word' id='word_1_59' title='bbox 1403 1495 1404 1510; x_wconf 12' lang='grc' dir='ltr'>χ</span> 
     </span>
    </p>
   </div>
   <div class='ocr_carea' id='block_1_6' title="bbox 291 1527 1326 3132">
    <p class='ocr_par' dir='ltr' id='par_1_7' title="bbox 294 1527 1324 1856">
     <span class='ocr_line' id='line_1_10' title="bbox 294 1527 1324 1626; baseline 0.002 -31"><span class='ocrx_word' id='word_1_60' title='bbox 294 1527 432 1599; x_wconf 88' lang='lat' dir='ltr'>devenir</span> <span class='ocrx_word' id='word_1_61' title='bbox 454 1528 630 1626; x_wconf 83' lang='lat' dir='ltr'>litigieux,</span> <span class='ocrx_word' id='word_1_62' title='bbox 647 1529 760 1599; x_wconf 88' lang='lat' dir='ltr'>rendit</span> <span class='ocrx_word' id='word_1_63' title='bbox 777 1529 808 1599; x_wconf 86' lang='lat' dir='ltr'>le</span> <span class='ocrx_word' id='word_1_64' title='bbox 830 1528 946 1600; x_wconf 69' lang='lat' dir='ltr'>decret</span> <span class='ocrx_word' id='word_1_65' title='bbox 963 1530 1115 1619; x_wconf 78' lang='lat' dir='ltr'>suivant,</span> <span class='ocrx_word' id='word_1_66' title='bbox 1135 1532 1194 1626; x_wconf 91' lang='lat' dir='ltr'>qui</span> <span class='ocrx_word' id='word_1_67' title='bbox 1212 1545 1259 1600; x_wconf 89' lang='lat' dir='ltr'>est</span> <span class='ocrx_word' id='word_1_68' title='bbox 1278 1555 1324 1598; x_wconf 88' lang='lat' dir='ltr'>en·</span> 
     </span>
     <span class='ocr_line' id='line_1_11' title="bbox 295 1643 1324 1742; baseline 0 -28"><span class='ocrx_word' id='word_1_69' title='bbox 295 1669 374 1714; x_wconf 91' lang='lat' dir='ltr'>core</span> <span class='ocrx_word' id='word_1_70' title='bbox 392 1643 425 1716; x_wconf 86' lang='lat' dir='ltr'>la</span> <span class='ocrx_word' id='word_1_71' title='bbox 445 1644 633 1742; x_wconf 82' lang='lat' dir='ltr'>principale</span> <span class='ocrx_word' id='word_1_72' title='bbox 653 1646 733 1716; x_wconf 89' lang='lat' dir='ltr'>base</span> <span class='ocrx_word' id='word_1_73' title='bbox 754 1644 803 1715; x_wconf 88' lang='lat' dir='ltr'>du</span> <span class='ocrx_word' id='word_1_74' title='bbox 827 1645 918 1716; x_wconf 82' lang='lat' dir='ltr'>droit</span> <span class='ocrx_word' id='word_1_75' title='bbox 942 1669 1000 1716; x_wconf 89' lang='lat' dir='ltr'>sur</span> <span class='ocrx_word' id='word_1_76' title='bbox 1022 1645 1071 1716; x_wconf 87' lang='lat' dir='ltr'>les</span> <span class='ocrx_word' id='word_1_77' title='bbox 1093 1645 1241 1718; x_wconf 85' lang='lat' dir='ltr'>concilos</span> <span class='ocrx_word' id='word_1_78' title='bbox 1255 1671 1324 1742; x_wconf 86' lang='lat' dir='ltr'>pro·</span> 
     </span>
     <span class='ocr_line' id='line_1_12' title="bbox 295 1759 1171 1856; baseline 0.008 -29"><span class='ocrx_word' id='word_1_79' title='bbox 295 1759 453 1830; x_wconf 83' lang='lat' dir='ltr'>vinciaux</span> <span class='ocrx_word' id='word_1_80' title='bbox 462 1813 473 1849; x_wconf 97' lang='lat'>,</span> <span class='ocrx_word' id='word_1_81' title='bbox 494 1776 529 1832; x_wconf 88' lang='lat' dir='ltr'>et</span> <span class='ocrx_word' id='word_1_82' title='bbox 546 1785 613 1856; x_wconf 89' lang='lat' dir='ltr'>que</span> <span class='ocrx_word' id='word_1_83' title='bbox 630 1785 717 1830; x_wconf 90' lang='lat' dir='ltr'>nous</span> <span class='ocrx_word' id='word_1_84' title='bbox 733 1785 858 1832; x_wconf 84' lang='lat' dir='ltr'>aurons</span> <span class='ocrx_word' id='word_1_85' title='bbox 872 1775 1014 1832; x_wconf 82' lang='lat' dir='ltr'>souvent</span> <span class='ocrx_word' id='word_1_86' title='bbox 1030 1761 1050 1830; x_wconf 76' lang='lat' dir='ltr'>b</span> <span class='ocrx_word' id='word_1_87' title='bbox 1066 1761 1171 1834; x_wconf 86' lang='lat' dir='ltr'>citer:</span> 
     </span>
    </p>

    <p class='ocr_par' dir='ltr' id='par_1_8' title="bbox 291 1875 1326 3132">
     <span class='ocr_line' id='line_1_13' title="bbox 344 1875 1323 1976; baseline 0.008 -36"><span class='ocrx_word' id='word_1_88' title='bbox 344 1904 361 1940; x_wconf 76' lang='grc' dir='ltr'>ι(</span> <span class='ocrx_word' id='word_1_89' title='bbox 379 1875 605 1948; x_wconf 86' lang='lat' dir='ltr'>Provincialia</span> <span class='ocrx_word' id='word_1_90' title='bbox 620 1875 783 1967; x_wconf 88' lang='lat' dir='ltr'>concilia,</span> <span class='ocrx_word' id='word_1_91' title='bbox 800 1876 907 1947; x_wconf 87' lang='lat' dir='ltr'>sicubi</span> <span class='ocrx_word' id='word_1_92' title='bbox 928 1878 1050 1948; x_wconf 88' lang='lat' dir='ltr'>omissa</span> <span class='ocrx_word' id='word_1_93' title='bbox 1068 1893 1171 1969; x_wconf 89' lang='lat' dir='ltr'>sunt,</span> <span class='ocrx_word' id='word_1_94' title='bbox 1192 1904 1253 1976; x_wconf 87' lang='lat' dir='ltr'>pro</span> <span class='ocrx_word' id='word_1_95' title='bbox 1268 1903 1323 1948; x_wconf 86' lang='lat' dir='ltr'>mo</span> 
     </span>
     <span class='ocr_line' id='line_1_14' title="bbox 292 1989 1323 2090; baseline 0.001 -30"><span class='ocrx_word' id='word_1_96' title='bbox 292 1989 450 2060; x_wconf 87' lang='lat' dir='ltr'>derondis</span> <span class='ocrx_word' id='word_1_97' title='bbox 466 1993 638 2078; x_wconf 87' lang='lat' dir='ltr'>moribus,</span> <span class='ocrx_word' id='word_1_98' title='bbox 654 1992 865 2090; x_wconf 83' lang='lat' dir='ltr'>corrigendis</span> <span class='ocrx_word' id='word_1_99' title='bbox 882 1993 1086 2080; x_wconf 82' lang='lat' dir='ltr'>excessibus,</span> <span class='ocrx_word' id='word_1_100' title='bbox 1100 1994 1323 2067; x_wconf 86' lang='lat' dir='ltr'>controversiis</span> 
     </span>
     <span class='ocr_line' id='line_1_15' title="bbox 293 2106 1321 2208; baseline 0.004 -32"><span class='ocrx_word' id='word_1_101' title='bbox 293 2108 556 2202; x_wconf 84' lang='lat' dir='ltr'>componendis,</span> <span class='ocrx_word' id='word_1_102' title='bbox 585 2106 725 2204; x_wconf 88' lang='lat' dir='ltr'>aliisque</span> <span class='ocrx_word' id='word_1_103' title='bbox 748 2133 789 2178; x_wconf 88' lang='lat' dir='ltr'>ex</span> <span class='ocrx_word' id='word_1_104' title='bbox 815 2110 918 2183; x_wconf 88' lang='lat' dir='ltr'>sacris</span> <span class='ocrx_word' id='word_1_105' title='bbox 939 2110 1128 2182; x_wconf 85' lang='lat' dir='ltr'>canonibus</span> <span class='ocrx_word' id='word_1_106' title='bbox 1151 2113 1321 2208; x_wconf 84' lang='lat' dir='ltr'>permissis,</span> 
     </span>
     <span class='ocr_line' id='line_1_16' title="bbox 292 2223 1325 2323; baseline 0.003 -31"><span class='ocrx_word' id='word_1_107' title='bbox 292 2233 508 2295; x_wconf 88' lang='lat' dir='ltr'>renoventur.</span> <span class='ocrx_word' id='word_1_108' title='bbox 528 2227 645 2312; x_wconf 80' lang='lat' dir='ltr'>Quare</span> <span class='ocrx_word' id='word_1_109' title='bbox 660 2223 914 2321; x_wconf 85' lang='lat' dir='ltr'>metropolitani</span> <span class='ocrx_word' id='word_1_110' title='bbox 939 2251 1000 2322; x_wconf 89' lang='lat' dir='ltr'>per</span> <span class='ocrx_word' id='word_1_111' title='bbox 1022 2227 1168 2323; x_wconf 90' lang='lat' dir='ltr'>seipsos,</span> <span class='ocrx_word' id='word_1_112' title='bbox 1188 2254 1259 2316; x_wconf 90' lang='lat' dir='ltr'>seu,</span> <span class='ocrx_word' id='word_1_113' title='bbox 1272 2225 1325 2296; x_wconf 82' lang='lat' dir='ltr'>iliis</span> 
     </span>
     <span class='ocr_line' id='line_1_17' title="bbox 293 2338 1324 2439; baseline 0.003 -30"><span class='ocrx_word' id='word_1_114' title='bbox 293 2338 441 2435; x_wconf 83' lang='lat' dir='ltr'>legitime</span> <span class='ocrx_word' id='word_1_115' title='bbox 456 2341 644 2436; x_wconf 84' lang='lat' dir='ltr'>impeditis,</span> <span class='ocrx_word' id='word_1_116' title='bbox 665 2343 885 2439; x_wconf 89' lang='lat' dir='ltr'>coepiscopus</span> <span class='ocrx_word' id='word_1_117' title='bbox 902 2343 1092 2439; x_wconf 82' lang='lat' dir='ltr'>antiquior,</span> <span class='ocrx_word' id='word_1_118' title='bbox 1110 2344 1202 2416; x_wconf 88' lang='lat' dir='ltr'>intra</span> <span class='ocrx_word' id='word_1_119' title='bbox 1214 2367 1324 2415; x_wconf 84' lang='lat' dir='ltr'>annun]</span> 
     </span>
     <span class='ocr_line' id='line_1_18' title="bbox 291 2456 1326 2559; baseline 0.001 -34"><span class='ocrx_word' id='word_1_120' title='bbox 291 2456 465 2528; x_wconf 84' lang='lat' dir='ltr'>adruinus</span> <span class='ocrx_word' id='word_1_121' title='bbox 485 2483 505 2528; x_wconf 92' lang='lat' dir='ltr'>a</span> <span class='ocrx_word' id='word_1_122' title='bbox 527 2457 595 2527; x_wconf 89' lang='lat' dir='ltr'>fine</span> <span class='ocrx_word' id='word_1_123' title='bbox 617 2459 789 2554; x_wconf 84' lang='lat' dir='ltr'>praesentis</span> <span class='ocrx_word' id='word_1_124' title='bbox 809 2457 965 2546; x_wconf 90' lang='lat' dir='ltr'>concilii,</span> <span class='ocrx_word' id='word_1_125' title='bbox 984 2457 1168 2531; x_wconf 81' lang='lat' dir='ltr'>et-deinde</span> <span class='ocrx_word' id='word_1_126' title='bbox 1190 2457 1326 2559; x_wconf 78' lang='lat' dir='ltr'>quolibet</span> 
     </span>
     <span class='ocr_line' id='line_1_19' title="bbox 291 2571 1325 2670; baseline -0.002 -28"><span class='ocrx_word' id='word_1_127' title='bbox 291 2573 420 2643; x_wconf 78' lang='lat' dir='ltr'>saltem</span> <span class='ocrx_word' id='word_1_128' title='bbox 448 2575 614 2663; x_wconf 79' lang='lat' dir='ltr'>triennio,</span> <span class='ocrx_word' id='word_1_129' title='bbox 640 2588 716 2670; x_wconf 92' lang='lat' dir='ltr'>post</span> <span class='ocrx_word' id='word_1_130' title='bbox 733 2589 887 2646; x_wconf 90' lang='lat' dir='ltr'>octavam</span> <span class='ocrx_word' id='word_1_131' title='bbox 915 2575 1049 2646; x_wconf 84' lang='lat' dir='ltr'>Paschae</span> <span class='ocrx_word' id='word_1_132' title='bbox 1071 2571 1325 2650; x_wconf 88' lang='lat' dir='ltr'>Resurrectionis</span> 
     </span>
     <span class='ocr_line' id='line_1_20' title="bbox 292 2687 1325 2788; baseline 0.001 -30"><span class='ocrx_word' id='word_1_133' title='bbox 292 2687 432 2758; x_wconf 89' lang='lat' dir='ltr'>Domini</span> <span class='ocrx_word' id='word_1_134' title='bbox 452 2691 581 2779; x_wconf 90' lang='lat' dir='ltr'>nostri,</span> <span class='ocrx_word' id='word_1_135' title='bbox 601 2713 659 2760; x_wconf 90' lang='lat' dir='ltr'>seu</span> <span class='ocrx_word' id='word_1_136' title='bbox 679 2688 746 2760; x_wconf 79' lang='lat' dir='ltr'>alio</span> <span class='ocrx_word' id='word_1_137' title='bbox 765 2690 988 2770; x_wconf 88' lang='lat' dir='ltr'>commodiori</span> <span class='ocrx_word' id='word_1_138' title='bbox 1006 2704 1163 2786; x_wconf 88' lang='lat' dir='ltr'>tempore</span> <span class='ocrx_word' id='word_1_139' title='bbox 1174 2711 1325 2788; x_wconf 78' lang='lat' dir='ltr'>promote</span> 
     </span>
     <span class='ocr_line' id='line_1_21' title="bbox 291 2803 1326 2904; baseline -0.002 -32"><span class='ocrx_word' id='word_1_140' title='bbox 291 2803 492 2897; x_wconf 80' lang='lat' dir='ltr'>provinciae,</span> <span class='ocrx_word' id='word_1_141' title='bbox 507 2829 576 2874; x_wconf 89' lang='lat' dir='ltr'>non</span> <span class='ocrx_word' id='word_1_142' title='bbox 596 2807 832 2902; x_wconf 75' lang='lat' dir='ltr'>praetermittat</span> <span class='ocrx_word' id='word_1_143' title='bbox 848 2806 1015 2902; x_wconf 86' lang='lat' dir='ltr'>synodum</span> <span class='ocrx_word' id='word_1_144' title='bbox 1029 2807 1066 2880; x_wconf 90' lang='lat' dir='ltr'>in</span> <span class='ocrx_word' id='word_1_145' title='bbox 1088 2807 1262 2904; x_wconf 79' lang='lat' dir='ltr'>provincia</span> <span class='ocrx_word' id='word_1_146' title='bbox 1278 2825 1326 2874; x_wconf 81' lang='lat' dir='ltr'>sua</span> 
     </span>
     <span class='ocr_line' id='line_1_22' title="bbox 291 2919 1326 3017; baseline 0.001 -31"><span class='ocrx_word' id='word_1_147' title='bbox 291 2941 427 3013; x_wconf 83' lang='lat' dir='ltr'>eogere,</span> <span class='ocrx_word' id='word_1_148' title='bbox 445 2943 514 3013; x_wconf 88' lang='lat' dir='ltr'>quo</span> <span class='ocrx_word' id='word_1_149' title='bbox 527 2920 679 3016; x_wconf 88' lang='lat' dir='ltr'>episcopi</span> <span class='ocrx_word' id='word_1_150' title='bbox 692 2945 826 3010; x_wconf 91' lang='lat' dir='ltr'>omnes,</span> <span class='ocrx_word' id='word_1_151' title='bbox 843 2919 948 2991; x_wconf 84' lang='lat' dir='ltr'>etalii</span> <span class='ocrx_word' id='word_1_152' title='bbox 966 2922 1024 3016; x_wconf 91' lang='lat' dir='ltr'>qui</span> <span class='ocrx_word' id='word_1_153' title='bbox 1040 2921 1082 2991; x_wconf 95' lang='lat' dir='ltr'>de</span> <span class='ocrx_word' id='word_1_154' title='bbox 1096 2921 1177 3017; x_wconf 88' lang='lat' dir='ltr'>jure</span> <span class='ocrx_word' id='word_1_155' title='bbox 1193 2919 1245 2994; x_wconf 84' lang='lat' dir='ltr'>vel</span> <span class='ocrx_word' id='word_1_156' title='bbox 1259 2942 1326 2990; x_wconf 88' lang='lat' dir='ltr'>coa·</span> 
     </span>
     <span class='ocr_line' id='line_1_23' title="bbox 291 3034 1326 3132; baseline 0.001 -30"><span class='ocrx_word' id='word_1_157' title='bbox 291 3034 471 3104; x_wconf 90' lang='lat' dir='ltr'>suetudine</span> <span class='ocrx_word' id='word_1_158' title='bbox 490 3035 650 3106; x_wconf 89' lang='lat' dir='ltr'>interesse</span> <span class='ocrx_word' id='word_1_159' title='bbox 663 3036 787 3107; x_wconf 88' lang='lat' dir='ltr'>debent</span> <span class='ocrx_word' id='word_1_160' title='bbox 805 3035 967 3132; x_wconf 82' lang='lat' dir='ltr'>(exceptis</span> <span class='ocrx_word' id='word_1_161' title='bbox 983 3037 1023 3107; x_wconf 91' lang='lat' dir='ltr'>iis</span> <span class='ocrx_word' id='word_1_162' title='bbox 1041 3039 1257 3132; x_wconf 88' lang='lat' dir='ltr'>quibuscum</span> <span class='ocrx_word' id='word_1_163' title='bbox 1274 3037 1326 3104; x_wconf 90' lang='lat' dir='ltr'>in·</span> 
     </span>
    </p>
   </div>
   <div class='ocr_carea' id='block_1_7' title="bbox 276 3143 1405 3252">
    <p class='ocr_par' dir='ltr' id='par_1_9' title="bbox 276 3143 1405 3252">
     <span class='ocr_line' id='line_1_24' title="bbox 276 3143 1405 3252; baseline 0.004 -34"><span class='ocrx_word' id='word_1_164' title='bbox 276 3149 434 3252; x_wconf 86' lang='lat' dir='ltr'>minenti</span> <span class='ocrx_word' id='word_1_165' title='bbox 457 3151 608 3245; x_wconf 90' lang='lat' dir='ltr'>periculo</span> <span class='ocrx_word' id='word_1_166' title='bbox 631 3143 920 3224; x_wconf 83' lang='lat' dir='ltr'>transfretandum</span> <span class='ocrx_word' id='word_1_167' title='bbox 939 3153 1245 3250; x_wconf 80' lang='lat' dir='ltr'>esset),convenire</span> <span class='ocrx_word' id='word_1_168' title='bbox 1264 3175 1325 3222; x_wconf 89' lang='lat' dir='ltr'>om·</span> <span class='ocrx_word' id='word_1_169' title='bbox 1404 3231 1405 3234; x_wconf 8' lang='grc' dir='ltr'><strong>Ἴ</strong></span> 
     </span>
    </p>
   </div>
   <div class='ocr_carea' id='block_1_8' title="bbox 292 3263 1122 3365">
    <p class='ocr_par' dir='ltr' id='par_1_10' title="bbox 292 3263 1122 3365">
     <span class='ocr_line' id='line_1_25' title="bbox 292 3263 1122 3365; baseline 0.011 -33"><span class='ocrx_word' id='word_1_170' title='bbox 292 3263 376 3334; x_wconf 89' lang='lat' dir='ltr'>nino</span> <span class='ocrx_word' id='word_1_171' title='bbox 397 3279 585 3338; x_wconf 84' lang='lat' dir='ltr'>teneantur.</span> <span class='ocrx_word' id='word_1_172' title='bbox 602 3297 619 3332; x_wconf 80' lang='lat' dir='ltr'>n</span> <span class='ocrx_word' id='word_1_173' title='bbox 646 3271 747 3364; x_wconf 89' lang='lat' dir='ltr'>(Sess.</span> <span class='ocrx_word' id='word_1_174' title='bbox 772 3273 838 3358; x_wconf 62' lang='lat' dir='ltr'>nli,</span> <span class='ocrx_word' id='word_1_175' title='bbox 854 3293 884 3339; x_wconf 91' lang='lat' dir='ltr'>c.</span> <span class='ocrx_word' id='word_1_176' title='bbox 904 3293 925 3339; x_wconf 76' lang='lat' dir='ltr'>a</span> <span class='ocrx_word' id='word_1_177' title='bbox 936 3322 947 3355; x_wconf 94' lang='lat'>,</span> <span class='ocrx_word' id='word_1_178' title='bbox 969 3269 1011 3339; x_wconf 88' lang='lat' dir='ltr'>de</span> <span class='ocrx_word' id='word_1_179' title='bbox 1031 3269 1122 3365; x_wconf 74' lang='lat' dir='ltr'>Rei.)</span> 
     </span>
    </p>
   </div>
   <div class='ocr_carea' id='block_1_9' title="bbox 339 3363 1405 3481">
    <p class='ocr_par' dir='ltr' id='par_1_11' title="bbox 339 3363 1405 3481">
     <span class='ocr_line' id='line_1_26' title="bbox 339 3363 1405 3481; baseline -0.008 -27"><span class='ocrx_word' id='word_1_180' title='bbox 339 3409 356 3446; x_wconf 80' lang='grc' dir='ltr'><strong>α</strong></span> <span class='ocrx_word' id='word_1_181' title='bbox 374 3380 403 3452; x_wconf 90' lang='grc' dir='ltr'>ΙΙ</span> <span class='ocrx_word' id='word_1_182' title='bbox 421 3381 494 3453; x_wconf 85' lang='lat' dir='ltr'>faut</span> <span class='ocrx_word' id='word_1_183' title='bbox 515 3407 729 3479; x_wconf 83' lang='lat' dir='ltr'>remarquer,</span> <span class='ocrx_word' id='word_1_184' title='bbox 745 3385 795 3454; x_wconf 88' lang='lat' dir='ltr'>dit</span> <span class='ocrx_word' id='word_1_185' title='bbox 808 3389 966 3481; x_wconf 84' lang='lat' dir='ltr'>Fagnan,</span> <span class='ocrx_word' id='word_1_186' title='bbox 980 3384 1012 3456; x_wconf 85' lang='lat' dir='ltr'>le</span> <span class='ocrx_word' id='word_1_187' title='bbox 1028 3402 1100 3458; x_wconf 87' lang='lat' dir='ltr'>mot</span> <span class='ocrx_word' id='word_1_188' title='bbox 1111 3387 1241 3460; x_wconf 83' lang='lat' dir='ltr'>saltem</span> <span class='ocrx_word' id='word_1_189' title='bbox 1253 3384 1323 3454; x_wconf 85' lang='lat' dir='ltr'>dont</span> <span class='ocrx_word' id='word_1_190' title='bbox 1404 3363 1405 3438; x_wconf 58' lang='lat' dir='ltr'>i</span> 
     </span>
    </p>
   </div>
   <div class='ocr_carea' id='block_1_10' title="bbox 291 3498 1326 3716">
    <p class='ocr_par' dir='ltr' id='par_1_12' title="bbox 291 3498 1326 3716">
     <span class='ocr_line' id='line_1_27' title="bbox 291 3498 1326 3598; baseline 0.006 -36"><span class='ocrx_word' id='word_1_191' title='bbox 291 3525 308 3562; x_wconf 75' lang='grc' dir='ltr'>ι(</span> <span class='ocrx_word' id='word_1_192' title='bbox 324 3522 359 3567; x_wconf 91' lang='lat' dir='ltr'>se</span> <span class='ocrx_word' id='word_1_193' title='bbox 378 3514 447 3569; x_wconf 92' lang='lat' dir='ltr'>sert</span> <span class='ocrx_word' id='word_1_194' title='bbox 466 3498 497 3588; x_wconf 84' lang='lat' dir='ltr'>ie</span> <span class='ocrx_word' id='word_1_195' title='bbox 512 3501 601 3572; x_wconf 85' lang='lat' dir='ltr'>saint</span> <span class='ocrx_word' id='word_1_196' title='bbox 614 3499 754 3572; x_wconf 86' lang='lat' dir='ltr'>concile.</span> <span class='ocrx_word' id='word_1_197' title='bbox 771 3505 868 3572; x_wconf 84' lang='lat' dir='ltr'>Cette</span> <span class='ocrx_word' id='word_1_198' title='bbox 886 3504 1081 3598; x_wconf 87' lang='lat' dir='ltr'>expression</span> <span class='ocrx_word' id='word_1_199' title='bbox 1101 3503 1164 3576; x_wconf 84' lang='lat' dir='ltr'>fait</span> <span class='ocrx_word' id='word_1_200' title='bbox 1179 3500 1326 3577; x_wconf 88' lang='lat' dir='ltr'>entendre</span> 
     </span>
     <span class='ocr_line' id='line_1_28' title="bbox 291 3614 1326 3716; baseline 0.004 -36"><span class='ocrx_word' id='word_1_201' title='bbox 291 3639 390 3712; x_wconf 79' lang='lat' dir='ltr'>nque</span> <span class='ocrx_word' id='word_1_202' title='bbox 413 3614 443 3686; x_wconf 82' lang='lat' dir='ltr'>ie</span> <span class='ocrx_word' id='word_1_203' title='bbox 466 3616 816 3712; x_wconf 74' lang='lat' dir='ltr'>metropolitainpent</span> <span class='ocrx_word' id='word_1_204' title='bbox 839 3641 1037 3714; x_wconf 89' lang='lat' dir='ltr'>convoquer</span> <span class='ocrx_word' id='word_1_205' title='bbox 1058 3619 1089 3690; x_wconf 87' lang='lat' dir='ltr'>le</span> <span class='ocrx_word' id='word_1_206' title='bbox 1111 3618 1239 3716; x_wconf 87' lang='lat' dir='ltr'>synode</span> <span class='ocrx_word' id='word_1_207' title='bbox 1258 3614 1326 3712; x_wconf 88' lang='lat' dir='ltr'>plu-</span> 
     </span>
    </p>
   </div>
   <div class='ocr_carea' id='block_1_11' title="bbox 290 3733 1344 3832">
    <p class='ocr_par' dir='ltr' id='par_1_13' title="bbox 290 3733 1344 3832">
     <span class='ocr_line' id='line_1_29' title="bbox 290 3733 1344 3832; baseline 0.008 -36"><span class='ocrx_word' id='word_1_208' title='bbox 290 3759 307 3796; x_wconf 79' lang='grc' dir='ltr'><strong>α</strong></span> <span class='ocrx_word' id='word_1_209' title='bbox 325 3733 431 3802; x_wconf 88' lang='lat' dir='ltr'>sieurs</span> <span class='ocrx_word' id='word_1_210' title='bbox 446 3733 509 3802; x_wconf 86' lang='lat' dir='ltr'>fois</span> <span class='ocrx_word' id='word_1_211' title='bbox 525 3733 737 3828; x_wconf 82' lang='lat' dir='ltr'>pendant&#39;ies</span> <span class='ocrx_word' id='word_1_212' title='bbox 752 3735 836 3805; x_wconf 92' lang='lat' dir='ltr'>trois</span> <span class='ocrx_word' id='word_1_213' title='bbox 851 3759 911 3806; x_wconf 79' lang='lat' dir='ltr'>ans</span> <span class='ocrx_word' id='word_1_214' title='bbox 924 3761 1014 3832; x_wconf 92' lang='lat' dir='ltr'>pour</span> <span class='ocrx_word' id='word_1_215' title='bbox 1030 3761 1078 3806; x_wconf 94' lang='lat' dir='ltr'>un</span> <span class='ocrx_word' id='word_1_216' title='bbox 1099 3737 1203 3808; x_wconf 88' lang='lat' dir='ltr'>motif</span> <span class='ocrx_word' id='word_1_217' title='bbox 1211 3736 1326 3806; x_wconf 85' lang='lat' dir='ltr'>raison·</span> <span class='ocrx_word' id='word_1_218' title='bbox 1341 3779 1344 3790; x_wconf 90' lang='lat'>·</span> 
     </span>
    </p>
   </div>
   <div class='ocr_carea' id='block_1_12' title="bbox 277 3844 1325 4295">
    <p class='ocr_par' dir='ltr' id='par_1_14' title="bbox 277 3844 1325 4295">
     <span class='ocr_line' id='line_1_30' title="bbox 278 3844 1325 3947; baseline 0.001 -34"><span class='ocrx_word' id='word_1_219' title='bbox 278 3875 305 3913; x_wconf 66' lang='lat' dir='ltr'>a(</span> <span class='ocrx_word' id='word_1_220' title='bbox 323 3846 442 3937; x_wconf 68' lang='lat' dir='ltr'>subter</span> <span class='ocrx_word' id='word_1_221' title='bbox 461 3848 502 3917; x_wconf 91' lang='lat' dir='ltr'>de</span> <span class='ocrx_word' id='word_1_222' title='bbox 523 3850 630 3918; x_wconf 74' lang='lat' dir='ltr'>mdme</span> <span class='ocrx_word' id='word_1_223' title='bbox 643 3849 800 3947; x_wconf 79' lang='lat' dir='ltr'>qu’aprbs</span> <span class='ocrx_word' id='word_1_224' title='bbox 814 3851 845 3922; x_wconf 90' lang='lat' dir='ltr'>le</span> <span class='ocrx_word' id='word_1_225' title='bbox 861 3848 976 3922; x_wconf 68' lang='lat' dir='ltr'>decret</span> <span class='ocrx_word' id='word_1_226' title='bbox 994 3850 1041 3922; x_wconf 88' lang='lat' dir='ltr'>du</span> <span class='ocrx_word' id='word_1_227' title='bbox 1056 3851 1194 3922; x_wconf 78' lang='lat' dir='ltr'>sixibme</span> <span class='ocrx_word' id='word_1_228' title='bbox 1211 3844 1325 3922; x_wconf 79' lang='lat' dir='ltr'>concile</span> 
     </span>
     <span class='ocr_line' id='line_1_31' title="bbox 279 3964 1324 4062; baseline -0.001 -29"><span class='ocrx_word' id='word_1_229' title='bbox 279 3985 306 4027; x_wconf 86' lang='lat'>·«</span> <span class='ocrx_word' id='word_1_230' title='bbox 327 3964 580 4058; x_wconf 75' lang='lat' dir='ltr'>oecumdnique,</span> <span class='ocrx_word' id='word_1_231' title='bbox 608 3964 630 4034; x_wconf 90' lang='lat' dir='ltr'>it</span> <span class='ocrx_word' id='word_1_232' title='bbox 654 3968 794 4060; x_wconf 86' lang='lat' dir='ltr'>pouvait</span> <span class='ocrx_word' id='word_1_233' title='bbox 817 3966 848 4037; x_wconf 90' lang='lat' dir='ltr'>le</span> <span class='ocrx_word' id='word_1_234' title='bbox 872 3967 990 4038; x_wconf 78' lang='lat' dir='ltr'>rdunir</span> <span class='ocrx_word' id='word_1_235' title='bbox 1012 3968 1098 4038; x_wconf 82' lang='lat' dir='ltr'>deux</span> <span class='ocrx_word' id='word_1_236' title='bbox 1128 3968 1193 4038; x_wconf 86' lang='lat' dir='ltr'>fois</span> <span class='ocrx_word' id='word_1_237' title='bbox 1214 3991 1272 4062; x_wconf 85' lang='lat' dir='ltr'>par</span> <span class='ocrx_word' id='word_1_238' title='bbox 1289 3987 1324 4032; x_wconf 91' lang='lat' dir='ltr'>an</span> 
     </span>
     <span class='ocr_line' id='line_1_32' title="bbox 277 4077 1324 4180; baseline 0.005 -37"><span class='ocrx_word' id='word_1_239' title='bbox 277 4079 406 4174; x_wconf 67' lang='lat' dir='ltr'>us&#39;iiy</span> <span class='ocrx_word' id='word_1_240' title='bbox 426 4080 516 4150; x_wconf 81' lang='lat' dir='ltr'>avait</span> <span class='ocrx_word' id='word_1_241' title='bbox 535 4077 703 4152; x_wconf 72' lang='lat' dir='ltr'>necessitd.</span> <span class='ocrx_word' id='word_1_242' title='bbox 722 4113 738 4148; x_wconf 79' lang='lat' dir='ltr'>n</span> <span class='ocrx_word' id='word_1_243' title='bbox 769 4088 825 4179; x_wconf 79' lang='lat' dir='ltr'>(ln</span> <span class='ocrx_word' id='word_1_244' title='bbox 850 4109 857 4154; x_wconf 89' lang='grc' dir='ltr'>ι</span> <span class='ocrx_word' id='word_1_245' title='bbox 882 4101 971 4180; x_wconf 87' lang='lat' dir='ltr'>part.</span> <span class='ocrx_word' id='word_1_246' title='bbox 993 4081 1013 4156; x_wconf 87' lang='lat'><strong><em>5</em></strong></span> <span class='ocrx_word' id='word_1_247' title='bbox 1034 4084 1056 4154; x_wconf 93' lang='grc' dir='ltr'>Ι.</span> <span class='ocrx_word' id='word_1_248' title='bbox 1073 4085 1197 4156; x_wconf 81' lang='lat' dir='ltr'>decret.</span> <span class='ocrx_word' id='word_1_249' title='bbox 1213 4083 1253 4152; x_wconf 92' lang='lat' dir='ltr'>de</span> <span class='ocrx_word' id='word_1_250' title='bbox 1271 4085 1324 4150; x_wconf 82' lang='lat' dir='ltr'>Ac·</span> 
     </span>
     <span class='ocr_line' id='line_1_33' title="bbox 286 4196 804 4295; baseline 0.008 -29"><span class='ocrx_word' id='word_1_251' title='bbox 286 4221 368 4283; x_wconf 80' lang='lat' dir='ltr'>cns,</span> <span class='ocrx_word' id='word_1_252' title='bbox 385 4223 414 4266; x_wconf 85' lang='lat' dir='ltr'>c.</span> <span class='ocrx_word' id='word_1_253' title='bbox 436 4198 535 4266; x_wconf 70' lang='lat' dir='ltr'>bicut</span> <span class='ocrx_word' id='word_1_254' title='bbox 549 4196 653 4286; x_wconf 75' lang='lat' dir='ltr'>obire,</span> <span class='ocrx_word' id='word_1_255' title='bbox 674 4223 705 4270; x_wconf 94' lang='lat' dir='ltr'>n.</span> <span class='ocrx_word' id='word_1_256' title='bbox 730 4200 804 4295; x_wconf 65' lang='grc' dir='ltr'>απ.)</span> 
     </span>
    </p>
   </div>
   <div class='ocr_carea' id='block_1_13' title="bbox 0 0 1431 5028">
    <p class='ocr_par' dir='ltr' id='par_1_15' title="bbox 0 0 1431 5028">
     <span class='ocr_line' id='line_1_34' title="bbox 0 0 1431 5028; baseline 0 0"><span class='ocrx_word' id='word_1_257' title='bbox 0 0 1431 5028; x_wconf 95' lang='lat' dir='ltr'> </span> 
     </span>
    </p>
   </div>
  </div>
 </body>
</html>
