2806 5024
204 437 394 486 PERSONNES
414 435 630 499 βΟΜΡΟΒΛΝΤ
649 437 691 500 LE
709 437 873 509 cometus,
890 441 963 490 ETC·
1045 443 1105 523 191

13 655 14 662 ¹
96 563 290 662 Cantorbdry,
300 581 350 634 cst
360 562 870 648 non-seulemeutuneauterite
880 565 1020 663 duplus,
1030 569 1132 658 mais·

13 707 16 721 ·
94 702 129 749 un
145 679 362 776 remarquable
381 679 482 750 traite'
491 679 534 750 de
545 679 575 752 la
595 681 753 775 question
773 684 893 764 meme.
909 685 958 754 La
971 685 1113 779 prde'uti·

12 813 13 892 l
93 819 176 872 neree
194 795 250 866 des
270 796 455 870 cardinaux
473 821 531 866 sur
546 810 658 870 toutes
674 794 721 870 les
739 812 853 870 autres
867 797 1015 894 dignitds
1029 825 1052 896 y
1065 815 1114 872 est

91 911 1114 1007 prouve'ejusqu’dl’evidence.L'occasiondecettelettrefutle

91 1027 161 1098 relus
176 1027 215 1098 de
230 1027 460 1122 l'archeveque
477 1027 518 1098 de
534 1029 762 1124 Cantorbdry,
780 1029 840 1121 qui
854 1030 937 1103 erait
948 1055 991 1100 cn
1006 1033 1113 1104 meme

90 1157 176 1238 temps
190 1145 313 1241 primat
329 1142 563 1240 d'Angleterre
581 1159 614 1214 et
627 1143 775 1240 legat-nd
789 1145 835 1216 du
854 1147 1058 1244 saint-sidge
1071 1148 1114 1220 dc

89 1256 168 1328 ceder
180 1259 208 1329 le
223 1286 283 1355 pas
297 1262 315 1330 a
329 1265 411 1331 Jean
427 1265 552 1355 Kemp‚
567 1260 690 1330 decore
705 1260 746 1329 de
765 1259 795 1329 la
811 1286 962 1357 pourpre
976 1287 1039 1358 par
1050 1267 1114 1336 Eu·

13 1399 16 1416 ·
88 1372 154 1466 glne
164 1379 218 1456 tv.
236 1380 285 1458 Ce
299 1375 429 1472 pontife
443 1375 491 1448 lui
509 1375 569 1448 fait
585 1373 727 1448 d'abord
741 1375 803 1455 dea
824 1376 1007 1472 reproches
1021 1378 1063 1450 de
1078 1405 1114 1450 sa

88 1490 238 1582 canduite,
248 1507 283 1574 et
295 1491 342 1572 lui
355 1490 507 1590 reppellc
521 1491 602 1587 qu'il
615 1493 726 1574 aurait
738 1517 781 1566 au
793 1494 904 1562 moins
915 1492 962 1569 dt
976 1518 1117 1589 arrpara·

87 1620 150 1684 rant
164 1607 337 1680 consulter
355 1608 386 1680 le
402 1591 591 1704 saint-siege
605 1634 613 1676 ε
629 1611 774 1706 «Longe
793 1608 911 1680 fuisset
926 1609 1114 1701 decentius,

86 1737 147 1798 ante
164 1739 292 1794 motam
312 1724 595 1811 controversiam,
617 1721 728 1792 sedem
752 1723 972 1818 apostolicam
993 1749 1115 1804 consu·

86 1833 267 1912 lerenPuis
289 1837 313 1908 il
334 1863 529 1920 commence
548 1837 579 1907 la
602 1837 689 1919 se'rie
709 1837 768 1908 des
789 1863 932 1934 preuves
954 1841 1014 1936 qui
1032 1865 1115 1924 ren-

84 1949 149 2025 deet
159 1952 404 2034 incontestable
417 1949 448 2027 la
463 1953 701 2050 prde'minenoe
714 1951 917 2027 cardinaliee
932 1982 991 2031 sur
1004 1955 1051 2030 les
1061 1983 1117 2054 pa·

85 2066 235 2159 triambes,
249 2069 299 2142 les
311 2071 462 2166 primata,
483 2069 529 2144 les
542 2071 772 2169 archevdquca
788 2086 822 2154 et
840 2069 887 2147 les
905 2073 1049 2167 &tequea
1067 2075 1113 2148 du

84 2186 188 2256 nonde
203 2188 328 2261 entier.
346 2189 443 2270 Nous
460 2211 502 2268 cn
517 2201 697 2294 extrayons
710 2184 756 2256 les
772 2211 925 2284 passages
939 2189 1113 2262 suivants:
1137 2197 1140 2202 '

10 2353 11 2356 ,
119 2303 299 2392 «Multum
319 2303 421 2375 etiam
437 2328 574 2374 movere
590 2318 623 2376 te
642 2300 743 2376 debet
757 2303 920 2377 diuturna
937 2327 999 2401 par
1011 2306 1115 2398 chris·

83 2415 194 2502 tianum
231 2418 401 2519 populum
432 2419 560 2514 ubique
588 2435 721 2494 servata
751 2417 985 2508 consuetudo,
1018 2447 1113 2518 quae,

82 2533 193 2606 etiamsi
214 2551 337 2607 caetera
357 2534 513 2606 deessent
535 2535 589 2631 (ex
609 2559 679 2631 quo
700 2549 766 2604 tam
781 2549 914 2605 vetusta
927 2550 978 2615 est
992 2550 1030 2605 ut
1044 2538 1116 2632 ejus

13 2655 15 2722 J
82 2647 168 2724 initiis
181 2653 349 2724 memoria
361 2677 431 2723 non
449 2665 540 2746 extet
559 2652 594 2722 in
608 2649 833 2745 contrarium)
854 2675 918 2747 pro
930 2653 1116 2730 constituto

78 2762 140 2852 jura
156 2767 315 2862 habenda
328 2768 432 2856 seret,
447 2769 635 2866 presertim
654 2767 793 2862 quando
808 2769 933 2848 sciente
952 2783 986 2838 et
1000 2793 1119 2865 appru-

11 2949 12 2954 ,
79 2876 165 2952 hante
186 2909 322 2955 summo
340 2884 516 2980 pontifice,
538 2910 607 2955 non
632 2883 771 2978 quidem
788 2907 869 2976 uno,
888 2884 945 2957 sed
966 2898 1018 2954 tot
1033 2901 1117 2979 quot

80 3018 214 3091 uuquam
233 2999 356 3081 habuit
374 2999 541 3084 Ecclesia,
558 2999 591 3068 id
609 3015 722 3073 actum
741 3023 811 3070 esse
833 2999 1054 3096 dignoscitur.
1076 3005 1116 3071 ln

78 3115 219 3200 omnibus
234 3115 328 3188 enim
346 3115 542 3186 nationibus
559 3140 599 3185 ae
618 3116 741 3212 regnis,
757 3129 790 3187 et
808 3131 848 3185 ut
863 3116 898 3189 in
912 3115 1033 3212 Angliu
1045 3141 1115 3191 me·

78 3234 271 3310 manavimus
287 3233 463 3320 hacteuus,
491 3231 687 3326 hujusmodi
719 3231 982 3327 praeeminentiae
1006 3233 1116 3306 cardi·

78 3343 194 3424 natibus
216 3346 351 3448 delatus
369 3363 419 3419 ast
446 3348 575 3443 hqn0r3
601 3347 660 3442 qui
686 3347 823 3442 quidem
852 3361 1010 3439 nontam
1035 3347 1116 3446 ipsis
1218 3425 1221 3434 Ἰ

77 3484 164 3550 quam
181 3465 296 3553 nobis,
318 3489 395 3535 cum
410 3478 525 3552 nostra
547 3463 613 3536 sint
630 3463 796 3552 membra,
816 3464 958 3556 attribui
977 3489 1116 3537 censen·

78 3574 129 3646 dus
147 3598 207 3652 est.
231 3583 306 3651 Nec
325 3582 436 3652 minus
456 3581 519 3668 liis,
538 3563 697 3658 Ecclesiae
721 3605 868 3655 romanae
890 3581 1114 3672 cousuetudo,

77 3717 139 3784 quae
157 3713 280 3793 caput,
300 3721 418 3768 norma
440 3710 475 3768 et
491 3697 652 3792 magistra
668 3711 718 3766 est
735 3693 942 3788 reliquarum
963 3693 1118 3766 ecclesia·

77 3830 160 3898 rum,
180 3813 331 3908 idipsum
358 3812 418 3892 tibi
439 3811 661 3906 persuadeat,
689 3835 757 3905 qua
781 3833 915 3904 semper
937 3808 1031 3882 nullo
1051 3836 1117 3888 un-

76 3945 167 4015 quam
184 3927 455 4020 cnntradicentc,
475 3927 509 3999 in
529 3927 659 4002 cunctis
675 3927 820 4016 actibus,
845 3925 1118 4021 quibuscumque

77 4041 213 4130 prelatis
233 4045 463 4137 praehonorati
483 4059 574 4117 sunt.
803 4035 806 4042 ’

121 4186 136 4222 r
148 4159 241 4234 Idem
254 4161 288 4230 in
309 4160 457 4260 antiquis
477 4159 692 4258 generalibus
711 4159 860 4230 conciliis
880 4154 1062 4258 praesertim
1084 4161 1116 4232 in
