2804 5022
295 460 364 559 278
613 437 615 442 ⁵
643 457 999 526 montinniacum.

292 645 308 680 α
329 611 474 709 prendre
497 609 585 680 aussi
605 607 652 678 les
668 630 783 677 causes
800 606 859 700 qui
878 619 1086 675 concernunt
1106 602 1153 672 les
1180 603 1331 698 mariages

291 759 308 794 a
327 743 361 798 et
373 727 419 797 lcs
433 726 584 796 divorccs
598 723 656 793 des
670 723 752 811 rois,
768 724 907 812 Quarta
921 743 1031 790 causa
1041 719 1159 812 major
1169 734 1250 789 sunt
1265 743 1332 788 con·

292 874 308 909 a
318 841 465 941 jugalia
483 864 602 937 regum
628 836 812 908 diuortia...
835 832 873 906 5⁰
888 833 1153 906 Gducralemcnt
1175 848 1280 904 toutes
1293 831 1330 902 les

291 988 308 1023 a
328 958 459 1029 affaires
482 955 660 1024 douteuses
686 978 731 1022 ou
750 950 920 1021 difficiles:
935 976 1007 1021 non
1031 949 1148 1052 sulum
1173 948 1328 1046 majores,

293 1101 310 1138 a
329 1070 396 1143 scd
407 1072 516 1141 eciam
527 1070 671 1166 quasvis
684 1063 813 1137 dubius
826 1083 891 1137 aut
902 1063 1071 1162 difficiles
1086 1090 1218 1136 causas
1232 1066 1332 1134 omnis

293 1221 309 1254 a
328 1187 466 1284 semper
486 1183 730 1280 metropolita,
752 1181 962 1277 patriarcha
983 1198 1091 1278 utque
1113 1181 1266 1278 synodus
1282 1179 1331 1250 dc·

292 1335 310 1374 α
329 1304 479 1376 buerunt
495 1298 663 1395 referre...
684 1296 781 1392 ”(T·
796 1301 842 1388 V,
866 1322 901 1391 p.
925 1295 1016 1388 338,
1044 1291 1080 1370 2⁰
1099 1296 1186 1385 col.;
1205 1297 1281 1369 cuit.
1298 1294 1331 1364 de

294 1421 428 1506 Venisc,
453 1413 576 1514 1725.)
783 1436 785 1440 ’

341 1538 389 1604 La
407 1533 603 1603 distinction
632 1527 770 1600 d’Ellies
799 1532 916 1625 Dupin
944 1546 1042 1601 cntuc
1064 1530 1111 1601 les
1129 1556 1243 1602 causes
1267 1557 1331 1601 ma-

288 1652 402 1745 jeures
421 1664 455 1720 ct
470 1647 641 1718 moindres
660 1660 710 1716 est
728 1646 813 1715 ainsi
836 1648 987 1717 rcsumdc
1001 1648 1085 1718 daus
1099 1646 1131 1717 la
1148 1649 1271 1744 grande
1285 1648 1332 1717 Bi·

291 1767 490 1861 bliothdque
508 1759 701 1859 pontificale
717 1789 725 1831 :

340 1885 398 1954 Ait
424 1881 545 1952 doctor
571 1879 626 1949 ille
654 1879 851 1950 Parisiensis
868 1909 884 1944 u
901 1878 1008 1951 solere
1038 1880 1163 1978 duplex
1184 1883 1332 1980 distingui

292 2029 310 2065 u
329 2023 505 2094 causarum
524 2022 647 2093 genus,
662 2020 809 2090 quarum
827 1994 901 2065 alia
921 1997 1087 2090 majores,
1112 1997 1184 2067 aliae
1199 2000 1333 2067 minores

292 2144 310 2184 c
329 2114 498 2190 dicantur.
513 2111 662 2206 Majores
678 2135 746 2182 csse
765 2108 840 2180 illus
861 2135 937 2205 quae
949 2110 1003 2182 vel
1017 2113 1193 2208 episcopos
1210 2112 1260 2184 val
1274 2139 1335 2208 gra·

289 2260 309 2310 ,u
329 2229 457 2302 viorcm
476 2226 624 2320 aliquam
642 2225 853 2322 disciplinam
866 2228 1073 2322 respiciunt:
1094 2229 1243 2302 minores
1264 2254 1334 2300 vem
1395 2275 1396 2278 κ

202 2433 204 2436 ¹
293 2376 317 2420 a
331 2344 509 2418 diuisasin
528 2342 652 2438 quibus
673 2343 786 2437 agitur
806 2341 848 2414 dc
870 2343 1143 2438 presbyterorum
1161 2359 1196 2414 et
1213 2343 1335 2416 clerico·
1395 2367 1396 2370 ’

240 2466 242 2472 ’
290 2493 308 2532 a
328 2487 403 2534 rum
411 2459 557 2558 judicio,
570 2457 623 2528 vel
639 2457 680 2532 dc
693 2456 812 2528 leviori
822 2455 938 2552 aliquo
952 2457 1136 2554 disciplinae
1150 2461 1260 2556 capite
1274 2461 1334 2555 pri·

291 2610 307 2646 u
327 2594 437 2654 vatam
466 2575 616 2668 aliquam
636 2572 810 2646 ecclesiam
842 2589 1013 2668 tangente.
1033 2603 1050 2640 a
1067 2574 1179 2670 (Bibl.
1203 2577 1334 2649 maxima

291 2709 398 2792 pont,
422 2708 445 2763 t.
465 2694 596 2786 v11‚p.
622 2688 723 2784 ullu.)
739 2690 836 2760 Cette
860 2689 1025 2783 punition
1041 2689 1130 2764 n’est
1150 2717 1210 2787 pus
1230 2695 1334 2787 riguu-

261 2881 264 2886 ,
293 2821 486 2886 reuscmcut
501 2821 632 2896 exacte,
656 2805 799 2900 puisque
821 2802 868 2876 les
878 2829 993 2878 causes
1014 2805 1072 2878 des
1091 2808 1227 2902 simplus
1244 2807 1335 2878 cletus

293 2943 326 2998 et
343 2927 452 2998 nidmu
466 2923 523 2996 dcs
536 2921 666 3016 laiqucs
678 2934 756 2990 sont
774 2920 986 3015 quelquefois
1004 2921 1183 3016 mujcuces.

342 3044 390 3112 Le
410 3039 583 3110 canoniae
602 3036 751 3108 Barbosa
776 3061 796 3105 a
817 3035 879 3106 fait
896 3037 982 3107 ainsi
1006 3035 1266 3110 l’tinumdration
1286 3038 1335 3108 des

294 3178 410 3226 causes
438 3153 603 3246 majcures
632 3175 698 3246 que
723 3149 754 3220 le
773 3151 969 3246 saint-sidge
988 3150 1058 3222 seul
1077 3168 1161 3246 peut
1188 3151 1334 3226 ddcidcr:
1394 3207 1395 3234 a

297 3302 314 3338 a
332 3273 452 3342 Causae
466 3292 582 3337 omnes
607 3267 751 3360 majores
766 3265 809 3336 ad
829 3264 941 3338 sedem
958 3265 1178 3362 apostolicam
1199 3267 1336 3338 referun-
1394 3259 1395 3344 l

276 3378 352 3459 'tur
375 3384 472 3480 (cup.
502 3407 533 3472 1,
564 3382 605 3452 dc
618 3387 746 3452 lutam.
759 3423 806 3436 -·
819 3383 901 3477 Cap.
919 3382 1083 3475 majores,
1101 3383 1144 3454 dc
1163 3386 1335 3480 Baptismo.

294 3504 389 3572 -Ο,
413 3525 443 3587 ι,
464 3495 646 3570 dcTrausl.
663 3496 918 3593 episc.);p0rro
932 3521 1041 3570 causac
1053 3500 1199 3594 majores
1211 3522 1335 3570 censen·
1394 3485 1395 3515 ¹

294 3634 351 3694 tur
374 3615 577 3712 quaestiones
600 3635 675 3708 quae
697 3627 850 3708 spectant
869 3611 911 3684 ad
934 3611 1096 3684 articulos
1116 3613 1196 3684 fidei
1220 3612 1337 3686 intelli-

295 3734 443 3832 gendos,
462 3731 506 3804 ud
529 3731 710 3800 canonicos
737 3728 841 3798 libros
864 3728 1119 3818 discernendos,
1145 3730 1188 3800 ad
1214 3753 1336 3802 sensum

295 3873 467 3924 sacrarum
500 3845 690 3919 litterarum
719 3843 961 3916 declarandum
998 3845 1335 3940 approbandumque,

292 3966 339 4039 ad
351 3960 604 4055 interpretanda
623 3985 697 4056 quae
716 3958 820 4030 dubia
838 3973 919 4031 suut
931 3955 983 4032 vel
1001 3959 1145 4032 obscum
1162 3961 1196 4030 iu
1211 3975 1336 4032 contro·

295 4080 411 4154 vursiis
429 4077 526 4166 fidei,
554 4079 589 4146 iu
609 4077 687 4172 jure
716 4077 881 4149 canonico
900 4074 952 4146 vel
972 4074 1113 4165 divino,
1132 4077 1213 4149 item
1232 4076 1272 4146 ad
1289 4075 1338 4146 dc·

296 4195 493 4270 clamndum
517 4211 591 4286 quc
610 4192 652 4264 ad
678 4206 887 4267 sacramenta
913 4193 1106 4287 pertinent,
1128 4192 1278 4266 videlicet
1299 4189 1334 4260 ad
