2804 5022
292 457 362 530 266
513 479 526 496 ²
632 463 822 536 annasilim,
847 480 988 531 rtnrrn.

293 639 310 676 «
328 613 492 682 stinamus
507 613 630 709 quibus
643 613 778 682 decreto
793 627 910 682 nostro
923 629 1066 683 vestram
1083 629 1233 710 rogantes
1245 614 1316 684 cari-

239 743 240 746 ’
293 742 428 798 «tatem
454 731 672 824 mandamus,
700 745 736 797 ut
755 732 781 799 si
802 729 940 824 aliquis,
960 731 1052 825 quod
1076 755 1143 800 non
1161 745 1316 826 optamus,
1389 815 1390 822 ἵ

294 869 467 914 «suorum
498 845 698 916 aemulorum
721 845 899 916 Aldricum
929 831 1162 918 Cenomanicae
1195 845 1320 916 ecclesiae
1389 869 1390 876 ¹

294 988 310 1026 a
327 953 520 1056 episcopum
540 984 696 1031 accusare
715 959 952 1060 damnabiliter
971 963 1198 1049 attentaverit,
1214 977 1251 1031 ut
1268 961 1319 1030 ho·

292 1103 310 1140 a
323 1066 469 1146 'noretur
487 1082 523 1147 B.
538 1079 628 1146 Petri
646 1070 877 1172 apostolorum
894 1077 1057 1173 principis
1076 1078 1256 1168 memoria,
1269 1081 1321 1146 Ec·

294 1192 499 1289 ecclesiaeque
520 1214 667 1263 romanae
693 1193 747 1262 cni
769 1193 927 1288 praesedit
953 1193 1165 1292 privilegium
1183 1211 1216 1266 et
1231 1193 1322 1264 nostrl
1389 1187 1390 1194 '

293 1309 473 1379 acuminis
490 1310 693 1398 auctoritas,
712 1308 811 1378 liccat
831 1308 879 1378 illi
897 1322 973 1410 post
988 1311 1199 1381 auditionem
1219 1312 1323 1406 prima·
1389 1339 1390 1408 3

296 1443 402 1495 ntum
432 1427 629 1516 dioeceseos,
660 1429 686 1496 sl
715 1428 848 1496 necesse
874 1427 992 1516 fuerit,
1018 1453 1079 1498 nos
1102 1425 1280 1526 appellare,
1299 1436 1324 1494 et
1389 1475 1390 1500 a

294 1543 672 1631 «nostraauctoritate,
690 1555 748 1610 aut
762 1557 840 1611 ante
859 1567 935 1631 nos,
953 1557 1107 1612 {iuvante
1128 1536 1250 1640 legatos
1265 1563 1325 1608 nos
1389 1557 1390 1652 p

294 1687 312 1722 t<
329 1672 389 1726 tro.
414 1674 454 1726 cx
481 1657 586 1727 latere
612 1650 752 1746 missos,
786 1657 882 1752 juxta
910 1673 1046 1752 patrum
1076 1659 1229 1749 decreta,
1265 1681 1325 1726 suas

295 1767 482 1843 «exercere
501 1790 604 1872 atque
627 1774 726 1842 finire
749 1775 923 1843 actiones:
943 1775 1125 1869 nullusque
1151 1775 1245 1845 illum
1263 1789 1326 1842 ante

294 1908 311 1954 a
329 1887 400 1958 haec
416 1890 543 1983 judicet
561 1905 619 1959 'aut
634 1889 786 1984 judicare
799 1905 990 1984 praesumat.
1009 1891 1073 1960 Sed
1092 1893 1117 1959 si
1135 1885 1230 1986 quid,
1251 1888 1327 1984 quod

298 2035 315 2069 a
334 2007 437 2094 absit,
453 2031 553 2101 grave
567 2005 887 2100 intolerandumque
901 2007 931 2074 ei
947 2007 1116 2100 objectum
1130 2009 1246 2098 fuerit,
1264 2031 1328 2075 nos·

298 2151 315 2186 a
330 2135 382 2192 tra
400 2124 464 2190 erit
476 2123 682 2217 expectanda
700 2147 854 2213 censura,
873 2140 910 2192 ut
928 2123 1009 2192 nihil
1023 2127 1138 2219 prius,
1159 2126 1200 2194 de
1220 2149 1258 2194 eo
1282 2121 1330 2216 qui

296 2265 313 2301 a
332 2237 372 2305 ad
384 2239 494 2306 sinum
505 2243 625 2308 sanctae
639 2237 793 2307 Ecclesiae
806 2263 952 2307 romanae
963 2241 1129 2334 confugit,
1144 2241 1331 2311 decernatur

299 2371 437 2447 «quam
455 2353 497 2423 ab
512 2353 661 2452 ejusdem
680 2354 835 2424 Ecclesiae
855 2358 1057 2425 auctoritate
1080 2358 1185 2428 fuerit
1203 2379 1332 2454 praecep·

298 2497 315 2534 α
331 2481 420 2559 tutn3
435 2493 509 2566 quae
524 2472 571 2540 alc
590 2473 678 2540 vlces
693 2493 767 2540 snas
783 2471 855 2539 aliis
874 2474 1061 2566 impertivit
1073 2473 1243 2560 ecclesiis,
1259 2471 1331 2540 utin

299 2613 316 2652 a
332 2603 462 2682 partem
477 2588 545 2656 sint
555 2601 680 2656 vocatae
688 2586 942 2676 sollicitudinis,
964 2615 1033 2656 non
1051 2591 1085 2657 in
1100 2589 1332 2686 plenitudinem

299 2733 316 2768 a
336 2693 548 2800 polestatis...
569 2707 699 2773 Sanctae
709 2705 953 2773 recordationis
963 2709 1186 2777 Innocentius
1202 2721 1334 2800 anteces-

232 2801 234 2804 ⁵
301 2849 317 2884 a
337 2841 392 2890 sor
408 2835 523 2889 noster
541 2823 588 2888 sic
605 2821 651 2888 ait
665 2845 672 2888 ε
688 2821 729 2889 Si
740 2820 1021 2916 musorescuusce
1035 2824 1073 2891 in
1086 2823 1206 2894 medio
1216 2823 1336 2918 suerint

296 2964 313 3002 a
330 2936 509 3021 devolutae,
520 2933 698 3005 adsedem
711 2935 959 3031 apostolicam,
975 2953 1013 3006 ut
1029 2939 1180 3009 Nicoena
1194 2935 1335 3033 synodus

297 3081 314 3118 a
329 3053 496 3143 definr'vit,
515 3067 549 3120 et
560 3054 755 3122 inueterata
770 3050 983 3123 consuetudo
1001 3057 1132 3152 exegit,
1150 3055 1333 3148 reserent...

298 3168 511 3264 «Praeceptis
529 3189 610 3263 ergo
629 3167 820 3262 apostolicis
837 3179 905 3236 non
930 3169 1013 3238 dura
1034 3171 1196 3265 superbia
1215 3173 1336 3242 resista·

300 3317 315 3350 «
336 3301 408 3374 tur,
425 3286 479 3354 scd
502 3311 561 3379 per
576 3284 799 3354 obedientiam
820 3311 893 3379 quae
911 3311 928 3354 a
946 3300 1060 3355 sancta
1079 3291 1223 3358 'romana
1237 3285 1337 3358 Eccle-

299 3432 316 3466 α
335 3404 383 3472 sia
409 3417 442 3470 et
462 3400 645 3497 apostolica
664 3403 864 3470 auctoritate
886 3404 977 3496 jussa
996 3416 1077 3472 sunt
1096 3402 1271 3474 salutifere
1288 3405 1338 3470 im·

298 3548 315 3583 «
326 3518 501 3614 'pleantur,
513 3519 539 3586 si
548 3509 696 3613 ejusdem
711 3532 832 3586 sanctae
846 3520 907 3586 Dei
923 3517 1090 3607 Ecclesia,
1103 3545 1179 3614 quae
1191 3537 1240 3590 est
1251 3529 1339 3614 caput

299 3665 316 3698 «
335 3649 504 3721 vestrum,
531 3635 803 3702 communionem
833 3634 960 3703 habere
989 3633 1251 3706 desideratis.....
1272 3637 1337 3705 Non

299 3772 458 3818 «novum
479 3747 606 3844 aliquid
624 3749 779 3843 praesenti
796 3747 946 3843 jussione
969 3752 1201 3844 praecipimus,
1219 3753 1275 3822 sed
1293 3749 1338 3819 illa

298 3891 406 3960 «quae
427 3863 510 3933 olim
534 3865 691 3934 videntur
712 3865 843 3934 indulta
867 3865 1058 3952 firmamus3
1077 3891 1155 3936 cum
1181 3868 1264 3938 nulli
1285 3867 1338 3935 du·
1389 3851 1390 3904 l

299 3983 426 4050 «bium
448 3983 491 4048 sit
516 3982 606 4075 quod
632 4007 699 4049 non
720 3979 827 4050 solum
856 3983 1060 4077 pontificalis
1088 3988 1261 4073 causatio,
1291 3980 1338 4050 sed
1389 3987 1390 4000 ¹

299 4127 316 4162 a
333 4098 449 4166 omnia
463 4108 599 4166 sauctae
615 4097 794 4196 religionis
818 4099 961 4189 relatio,
988 4095 1028 4168 ad
1050 4102 1160 4170 sedem
1193 4099 1341 4198 apostoli-

300 4242 316 4277 «
334 4214 518 4304 eam-quasi
540 4211 581 4282 ad
603 4229 704 4308 caput
721 4215 937 4287 ecclesiarum
958 4217 1056 4286 debet
1073 4217 1206 4308 referri,
1223 4231 1255 4285 et
1272 4214 1340 4284 inde
