2910 5038
527 475 771 550 cnasnonmn.

129 623 250 690 Sancte
266 625 371 712 Luca,
384 646 444 692 ora
463 648 524 718 pro
545 624 662 696 nobis.-

128 741 250 808 Sancte
263 741 392 832 Marce,
413 765 473 812 ora
494 738 558 837 pro
576 741 686 813 nobis.

129 861 256 928 Omnes
272 859 379 926 sancti
394 855 549 954 Apostoli
568 875 601 929 et
620 856 851 954 Evangelistae,
866 870 960 926 orate
980 881 1043 952 pro
1060 857 1172 928 nobis.

128 977 255 1041 Omnes
273 972 378 1042 sancti
402 973 568 1071 Discipuli
592 973 743 1061 Domini,
763 985 856 1043 orate
875 997 937 1068 pro
953 972 1063 1043 nobis.

129 1090 256 1157 Omnes
274 1089 379 1159 sancti
396 1092 612 1174 Innocentes‚
626 1104 720 1160 orate
737 1115 799 1187 pro
823 1085 931 1158 nobis.

128 1205 251 1272 Sancte
267 1203 449 1298 Stephane,
467 1231 525 1274 ora
541 1211 611 1302 pro'
621 1204 732 1276 nobis.

128 1320 250 1389 Sancte
265 1321 440 1408 Laurenti,
460 1346 518 1391 ora
538 1346 602 1419 pro
624 1322 731 1392 nobis.

128 1437 250 1506 Sancte
263 1437 435 1525 Vincenti,
451 1462 510 1507 ora
523 1462 585 1533 pro
598 1438 707 1508 nobis.

128 1553 242 1622 Sancti
255 1553 401 1622 Fabiano
416 1569 450 1622 et
464 1554 669 1642 Sebastiano,
682 1569 775 1624 orate
791 1577 852 1648 pro
867 1551 979 1622 nobis.

86 1709 92 1720 ·
128 1669 242 1739 Sancti
258 1670 404 1738 Ioannes
416 1685 449 1741 et
467 1667 580 1757 Paule,
593 1683 687 1740 orate
709 1681 771 1763 p'ro
792 1669 901 1739 nobis.

127 1784 243 1853 Sancti
258 1787 382 1854 Cosma
398 1800 431 1854 et
449 1785 627 1872 Damiane,
645 1798 738 1854 orate
752 1809 825 1878 pro·
835 1785 942 1854 nobis.

126 1900 241 1972 Sancti
257 1902 396 1971 Gervasi
411 1915 444 1971 et
458 1903 603 1989 Protesi,
619 1916 713 1972 orate
728 1926 790 1995 pro
805 1900 917 1972 nobis.
967 1908 971 1915 '

127 2021 254 2088 Omnes
270 2021 377 2088 sancti
400 2021 579 2116 Martyres,
598 2033 691 2096 orate
713 2044 775 2114 pro
798 2019 907 2090 nobis.

69 2155 78 2183 t
127 2135 248 2204 Sancte
266 2133 436 2222 Silvester,
456 2159 515 2206 ora
532 2161 594 2231 pro
614 2136 724 2206 nobis.

128 2251 249 2320 Sancte
267 2252 424 2344 Gregori,
442 2277 501 2321 ora
520 2276 582 2345 pro
601 2250 710 2321 nobis.

127 2369 250 2436 Sancte
267 2365 437 2455 Ambrosi,
457 2390 517 2436 ora
530 2390 592 2460 pro
612 2365 721 2434 nobis.

115 2485 249 2552 ‘Sancte
269 2481 470 2578 Angustiae,
483 2506 542 2552 ora
562 2507 626 2579 pro
640 2479 749 2551 nobis.

127 2601 251 2669 Sancte
263 2598 479 2693 Hieronymo,
498 2622 556 2668 ora
576 2622 637 2692 pro
653 2597 764 2666 nobis.

126 2717 250 2785 Sancte
265 2714 427 2802 Martiae,
451 2737 512 2784 ora
534 2739 602 2811 pro·
620 2712 732 2782 nobis.

126 2835 249 2903 Sancte
267 2829 417 2917 Nimiae,
431 2855 491 2900 ora
507 2856 570 2926 pro
592 2830 702 2900 nobis.

128 2949 256 3016 Omnes
271 2946 377 3014 sancti
390 2944 571 3030 Pontifices
585 2958 618 3014 et
632 2943 861 3032 Confessores,
876 2956 971 3012 orate
989 2965 1052 3038 pro
1067 2941 1175 3012 nobis.

129 3065 257 3131 Omnes
273 3061 379 3130 sancti
396 3065 574 3147 Doctores,
592 3077 687 3131 orate
707 3085 769 3154 pro
789 3059 898 3129 nobis.

130 3180 253 3248 Sancte
269 3175 459 3263 Benedicta,
473 3200 534 3246 ora
548 3171 610 3272 p'ro
625 3177 737 3246 nobis.

129 3299 252 3367 Sancte
269 3295 409 3381 Antoni,
426 3319 485 3363 ora
499 3320 562 3390 pro
577 3294 685 3364 nobis.

129 3414 253 3481 Sancte
266 3409 449 3496 Bernarde‚
467 3434 526 3478 ora
547 3435 610 3504 pro
629 3410 738 3478 nobis.
880 3495 882 3500 Ι

127 3533 251 3600 Sancte
268 3525 463 3614 Dominice,
480 3550 540 3596 ora
560 3550 624 3621 pro
645 3524 753 3593 nobis.
850 3557 852 3561 ·

126 3649 252 3716 Sancte
265 3644 454 3732 Francisoe,
473 3667 532 3712 ora
551 3667 613 3737 pro
631 3642 739 3712 nobis.
807 3711 811 3720 ,

127 3765 258 3831 Omnes
276 3746 382 3830 sancti
402 3757 598 3829 Sacerdotes
613 3773 647 3828 et
663 3757 798 3847 Levitae,
813 3771 907 3826 orate
920 3782 982 3851 pro
1000 3757 1108 3829 nobis.

128 3883 259 3948 Omnes
277 3874 383 3944 sancti
403 3875 565 3944 Monachi
582 3887 614 3942 et
635 3875 803 3962 Eremitae‚
824 3887 916 3941 orate
934 3899 996 3968 pro
1012 3859 1121 3944 nobis.

129 3995 256 4063 Sancta
274 3990 381 4060 Maria
395 3987 610 4084 Magdalena‚
631 4014 700 4058 ora
714 4015 778 4084 pro
800 3989 908 4058 nobis.

128 4113 253 4180 Sancta
272 4105 419 4200 Agatha,
443 4129 504 4176 ora
524 4130 585 4200 pro
605 4106 713 4175 nobis.

130 4226 254 4293 Sancta
275 4223 394 4309 Lucia,
409 4246 468 4290 ora
484 4246 547 4316 pro
566 4220 676 4290 nobis.
