2806 5024
180 517 375 564 nnnsonuns
392 515 609 564 coneosnnn
628 515 846 580 enuntient,
867 515 940 566 nnc.
1021 487 1088 589 169

68 644 265 716 atlioeeesanis
289 643 419 741 aliquot
442 670 600 740 personas
629 670 703 739 qnae
730 644 908 742 qualitates
938 645 1087 716 habeant
1143 647 1145 650 ’

67 761 167 854 «juxta
180 761 451 832 constitutionem
466 759 627 830 Bonifatii
644 763 727 832 Vlll
742 787 816 857 quae
829 763 951 860 incipit
965 771 1088 838 Statu·

67 893 160 965 «mm,
176 894 206 948 et
221 876 370 973 alioquin
386 877 428 946 ad
443 877 477 946 id
492 891 586 974 aptas
600 878 784 976 designari,
800 892 839 948 nt
853 894 976 975 praeter
990 883 1088 954 ordi-

66 995 186 1064 anarios
199 993 361 1082 locorum,
381 993 420 1064 iis
442 995 543 1092 etiam
565 995 704 1090 posthac
723 1019 831 1066 cnusae
856 993 1086 1074 ecclesiasticae

65 1139 76 1172 a
88 1135 119 1179 ac
127 1108 310 1206 spirituales
321 1126 354 1180 et
366 1110 409 1180 ad
422 1109 532 1180 lorum
546 1109 804 1182 ecclesiasticum
827 1115 1034 1208 pertinentes
1050 1119 1084 1188 in

65 1227 220 1320 apartibus
239 1225 430 1322 delegandae
450 1227 719 1298 committantur.
744 1229 799 1314 Et,
818 1228 846 1297 si
865 1226 1011 1325 aliquem
1033 1233 1086 1302 in·

65 1343 169 1412 «terim
184 1367 225 1413 ex
239 1342 422 1438 designatis
440 1343 526 1416 mori
546 1343 739 1438 contigerit,
753 1343 934 1415 substituat
954 1347 1088 1420 ordina-

64 1459 142 1527 niu
163 1457 242 1548 loci,
261 1484 340 1530 cnm
361 1457 503 1528 consilio
523 1458 675 1554 capituli,
691 1457 796 1530 alium
818 1461 853 1530 in
879 1460 956 1557 ejue
974 1460 1085 1534 locum

64 1574 234 1670 «usquead
250 1573 401 1646 futuram
418 1574 658 1670 provincialem
673 1590 731 1646 aut
746 1574 969 1648 dioecesanam
984 1605 1085 1674 syno-

63 1688 174 1761 ndum:
196 1692 244 1762 ita
267 1705 308 1762 ut
329 1691 452 1760 habeat
472 1715 615 1786 quaeque
632 1690 781 1762 dioecesis
797 1706 946 1787 quatuor
968 1693 1083 1766 saltem

63 1808 244 1878 «autetiam
266 1805 381 1904 plures
403 1806 562 1900 probatas
583 1830 755 1902 personas,
769 1831 808 1876 ac
828 1821 866 1877 ut
884 1834 985 1905 supra
1000 1837 1086 1906 qua-

63 1919 227 2012 «lineatas,
253 1923 378 2020 quibus
404 1922 596 2016 hujusmodi
615 1947 722 1995 causae
743 1949 762 1994 a
782 1924 935 2018 quolibet
952 1924 1083 2024 legato,

63 2037 128 2107 uvel
143 2040 277 2130 nuntio,
299 2054 402 2134 atque
419 2040 518 2110 etiam
534 2065 553 2110 a
568 2038 653 2110 sede·
664 2039 847 2135 apostolica
867 2047 1085 2116 committan-

62 2168 143 2226 atur.
160 2156 322 2253 Alioquin
337 2171 414 2252 post
424 2156 691 2252 designationem
703 2157 839 2249 laetam,
854 2184 957 2254 quam
972 2163 1085 2232 statim
1103 2197 1105 2204 ·

63 2271 217 2369 aepiscopi
236 2273 281 2344 ad
301 2295 471 2342 summum
493 2297 671 2344 romanum
695 2274 890 2370 pontificem
913 2279 1084 2348 transmit-

61 2401 156 2480 «tant,
169 2388 402 2485 delegationes
425 2413 646 2484 quaecumque
660 2389 804 2460 aliorum
823 2391 996 2484 judicum,
1014 2393 1090 2464 aliie

62 2527 173 2596 nquam
192 2505 249 2574 his
267 2504 380 2596 lactae,
399 2505 600 2600 surreptitia
618 2521 858 2577 censeantur.»

97 2617 118 2687 ll
134 2622 217 2692 est-ii
239 2624 417 2718 presumat·
438 2647 506 2716 que
523 2647 561 2691 ce
581 2619 695 2692 deleret
714 2647 797 2694 anna
818 2625 871 2694 όῑό
891 2626 953 2694 mis
972 2625 990 2695 a
1011 2623 1087 2695 exd-

8 2751 9 2796 }
62 2736 151 2807 cution
173 2765 235 2834 pai·
255 2737 303 2808 les
324 2738 433 2809 divers
459 2737 605 2835 synodos
629 2753 726 2809 tenus
747 2764 790 2810 en
817 2745 945 2810 France
968 2741 1086 2839 depuis

63 2845 83 2917 le
98 2855 216 2926 concile
233 2855 278 2925 de
293 2859 436 2946 Trente3
453 2873 487 2927 et
505 2880 591 2926 nous
606 2881 649 2926 ne
665 2881 791 2952 voyons
805 2883 864 2954 pas
875 2857 1002 2954 quelles
1017 2860 1087 2928 rai-

8 2951 9 2972 *
62 2987 120 3037 snus
140 2997 182 3042 on
204 2973 364 3072 pournait
386 2973 481 3043 avoir
501 2971 718 3069 aujourd’hui
738 2973 780 3044 de
800 2999 841 3044 ne
863 3000 922 3071 pas
941 2974 985 3073 s’y
1004 2993 1086 3046 con-

62 3078 175 3161 former.
