2804 5022
286 403 355 486 252
627 413 819 481 annisibus
844 433 985 480 rastris.

326 589 343 625 u
361 564 441 647 Leo,
452 562 630 655 episcopus
641 561 734 630 urbis
744 564 874 650 ltomae,
886 559 1062 630 Anastasio
1072 559 1312 656 cpiscopoThes
1330 548 1332 558 ’

292 704 308 741 u
327 673 565 745 salonicensi...
577 677 749 766 Quoniam
763 677 849 746 sient
861 676 1116 770 praedecessores
1130 676 1189 743 mei
1206 665 1312 768 praede·

269 821 306 858 -ιι
326 791 514 860 cessoribus
526 792 621 882 tuis,
639 794 685 861 ita
703 793 805 862 ctiam
826 817 888 886 ego
902 791 1080 862 dilectioni
1091 807 1165 878 tuae,
1179 790 1312 885 priorum

286 936 307 975 <r
327 907 677 1002 secutnsexemplum,
691 909 855 978 vicesmci
869 906 1270 1000 moderaminisdelegari3
1284 919 1313 972 ut

286 1051 307 1088 ι(
323 1047 439 1096 curam
471 1049 572 1117 quam
600 1025 766 1094 universis
794 1023 941 1096 ecclesiis
964 1021 1253 1120 principaliter'ex
1274 1019 1313 1088 di·

290 1167 308 1202 «
325 1139 402 1208 vina
421 1140 637 1212 institutione
665 1141 866 1213 debemus...
884 1142 1074 1235 adjuvares,
1092 1155 1124 1210 et
1142 1137 1314 1233 longinquis

289 1283 307 1320 r
318 1254 360 1324 ab
372 1253 553 1350 apostolica
565 1256 643 1327 sede
656 1259 839 1351 provinciis
852 1259 1064 1354 praesentiam
1078 1255 1221 1352 quodam
1232 1252 1314 1322 modo

289 1397 305 1432 «
322 1385 443 1438 nostrae
463 1372 664 1441 visitationis
681 1372 943 1469 impenderes...
957 1404 974 1439 »

288 1547 291 1556 ,
336 1486 434 1556 Saint
457 1488 552 1556 Leon
576 1486 723 1582 rappelle
742 1487 917 1558 ensuitela
932 1515 1063 1559 mesnre
1077 1488 1221 1559 violente
1233 1485 1316 1582 qu'tt·

274 1615 419 1670 nastase
448 1604 537 1672 avait
561 1603 649 1696 prise
682 1604 699 1674 a
729 1603 859 1700 l’dgard
883 1604 963 1674 d’un
987 1609 1115 1700 evaque
1144 1631 1219 1676 sans
1242 1602 1318 1672 avoir
1379 1697 1380 1702 γ

289 1715 442 1798 consulte'
471 1716 501 1789 le
531 1719 758 1814 saint-sie'ge,
786 1737 819 1792 ct
846 1719 868 1792 il
896 1721 925 1792 la
956 1720 1002 1792 lui
1034 1717 1317 1818 repraeheainst:

290 1862 307 1896 a
326 1833 466 1918 Etiamsi
499 1834 581 1929 quid
602 1859 702 1930 grave
724 1835 1041 1932 intolerandumque
1062 1841 1236 1933 gessisset,
1258 1857 1320 1902 nos·

290 1980 308 2018 u
324 1962 374 2018 tra
401 1963 472 2018 erat
490 1953 697 2046 expectanda
723 1978 886 2042 censura;
906 1970 944 2024 ut
964 1953 1048 2024 nihil
1067 1957 1163 2049 prius
1190 1956 1256 2049 ipse
1275 1949 1321 2018 de·

292 2095 308 2130 <t
326 2089 476 2134 cerneres
493 2091 595 2160 quam
614 2067 695 2162 quid
717 2069 813 2139 uobis
836 2070 984 2166 placeret
1002 2095 1215 2164 agnosceres.
1239 2066 1321 2136 Vires

291 2211 308 2248 a
326 2181 415 2250 enim
433 2197 562 2256 nostras
576 2185 622 2254 ita
631 2184 919 2256 ,ruae'credidimus
939 2185 1084 2272 caritati,
1103 2187 1193 2256 utin
1212 2196 1321 2278 partem

291 2326 309 2362 a
325 2297 370 2368 sis
390 2311 528 2368 vocatus
545 2297 800 2388 sollicitudinis,
820 2325 890 2370 nou
911 2300 948 2368 iu
969 2297 1219 2396 plenitudinem
1234 2309 1325 2391 potes·

292 2415 444 2488 nialla.»
608 2486 613 2494 ,

340 2535 424 2604 Vers
446 2531 514 2602 l'an
537 2531 631 2621 462,
659 2531 689 2602 le
711 2558 796 2627 pape
814 2531 931 2604 Hilare
949 2557 984 2602 se
1001 2531 1108 2627 plaint
1131 2531 1217 2614 ainsi
1243 2529 1280 2597 de
1297 2550 1326 2595 ce
1379 2535 1380 2562 .

292 2674 358 2744 que
374 2650 518 2736 Leonce,
541 2650 752 2744 archevdque
768 2647 916 2738 d'Arles,
939 2675 982 2718 ne
1003 2647 1043 2718 l’a
1063 2673 1125 2743 pas
1139 2643 1278 2718 informd
1294 2642 1325 2710 de
1379 2631 1380 2700 ζ

293 2764 325 2835 la
341 2768 489 2844 manibre
510 2765 594 2836 dont
618 2767 758 2836 Hermes
785 2763 867 2836 e'tait
884 2763 1004 2836 monte'
1023 2789 1081 2836 sur
1098 2761 1131 2834 le
1150 2765 1240 2859 sie'ge
1257 2759 1327 2855 epis·
1379 2843 1380 2846 Ἴ

293 2879 388 2976 copal
409 2882 450 2950 de
466 2883 657 2952 'Narbonae
672 2909 690 2952 :-

343 2994 1327 3093 «Miramurfraternitatemtuamitalegiscatholicaeimme
1379 2984 1380 3030 ³

295 3139 453 3182 a-rnorern
468 3139 549 3202 esse,
562 3130 748 3210 utquaeque
761 3115 876 3210 iniqua
886 3130 920 3185 et
931 3129 1049 3185 contra
1063 3129 1200 3209 patrum
1210 3125 1329 3185 nostro·

202 3237 204 3240 ’
265 3321 266 3326 ¹
294 3259 312 3294 <r
329 3254 403 3300 rum
420 3245 563 3318 statuta,
586 3232 620 3300 in
643 3234 912 3326 provinciaque
935 3231 978 3301 ad
1002 3230 1234 3300 monarchiam
1250 3241 1328 3296 tuam

295 3377 312 3412 <t
328 3347 485 3440 pertinet,
498 3349 525 3416 si
545 3348 614 3442 ipse
629 3363 688 3420 aut
705 3373 773 3418 nou
800 3349 848 3416 vis
866 3362 925 3416 aut
944 3372 1012 3416 non
1034 3362 1143 3441 potes,
1161 3346 1261 3416 etiam
1280 3361 1328 3410 uec

294 3494 313 3530 α
332 3490 393 3536 nos
413 3465 537 3534 silentii
553 3465 609 3534 tui
624 3465 854 3534 taciturnitate
870 3465 1043 3558 permittas
1059 3463 1265 3556 corrigere...
1281 3456 1331 3524 Co·
1379 3461 1380 3469 ’

295 3572 507 3676 agnovimus
528 3579 621 3676 quod
639 3581 849 3674 iniquissima
867 3580 1087 3672 usurpatione
1104 3576 1244 3671 quidam
1260 3575 1331 3642 Her·

296 3725 312 3760 «
330 3721 400 3766 ines
413 3699 643 3792 episcopatum
658 3695 803 3763 civitatis
818 3694 1049 3766 Narbonensis
1059 3690 1237 3761 execrabili
1248 3705 1332 3758 teme·

296 3812 430 3882 «ritate
449 3810 707 3906 presumpserit.
734 3811 848 3900 Quam
874 3833 944 3879 rem
960 3807 1119 3877 decuerat
1135 3805 1330 3876 sanctitatem

297 3958 314 3994 u
333 3944 424 4000 tuam
446 3942 485 3996 ut
500 3928 595 3999 nobis
608 3928 648 3996 a'n
664 3926 1012 4024 vestigiotntiearet.
1024 3926 1103 4013 Qua
1120 3923 1163 3992 de
1181 3945 1228 4002 re,
1241 3919 1332 3988 frater

297 4075 314 4110 a
330 4043 513 4129 carissime,
525 4043 791 4124 monemus...ad
806 4067 868 4112 nos
883 4057 951 4112 tam
963 4055 1030 4110 ture
1044 4037 1333 4127 dilectionisquam

298 4190 314 4226 a
333 4160 475 4238 fratrum
496 4173 724 4234 nostrorum...
741 4158 968 4252 subscriptam
982 4165 1333 4252 manuumvesuarun
