2836 5024
281 457 348 534 136
624 465 808 534 usuarium
834 482 971 534 araris.

277 643 293 677 u
313 615 419 683 mensi
435 613 688 710 archiepiscopo
706 628 742 684 et
764 613 1037 711 metropolitam,
1054 611 1100 682 eis
1114 609 1272 682 indictum
1288 589 1321 680 ac

283 757 301 794 α
321 730 572 826 significatum,
595 730 703 799 visum
723 746 773 800 cst
794 729 903 800 eidem
930 728 1190 826 metropolitano
1212 743 1243 796 ct
1263 752 1321 796 sua

283 874 300 909 «
319 844 502 938 provinciae
526 825 690 941 episcopis
711 860 749 915 ut
776 847 810 914 iu
830 843 933 914 valvis
959 844 1115 916 Ecclesiae
1140 841 1322 936 metropoli·

281 989 298 1024 n
319 961 882 1058 tanae...alligeraturprogramma,
893 961 1206 1058 etc...»(Odespnn‚
1218 985 1249 1053 p.
1264 984 1270 1025 1
1286 946 1323 1042 t.)

332 1075 471 1148 L'ordre
490 1077 532 1145 de
550 1078 674 1146 session
695 1101 784 1172 pour
806 1075 853 1146 lcs
872 1073 974 1146 abbis
1002 1091 1051 1147 est
1070 1077 1155 1146 ainsi
1174 1074 1321 1169 masque:

283 1197 398 1264 «Post
418 1218 473 1262 eos
494 1191 557 1287 (les
573 1193 730 1290 aveques)
748 1194 893 1264 scamnis
913 1188 1068 1262 similiter
1088 1192 1213 1288 paratis
1228 1189 1325 1260 archi·

286 1335 305 1374 r
322 1308 505 1377 mandritas
531 1333 589 1377 seu
612 1307 750 1378 abbates
772 1307 830 1402 qui
851 1307 1088 1377 benedictione
1114 1321 1250 1404 accepta
1270 1303 1325 1373 mi·

286 1452 302 1486 u
324 1436 412 1492 tram
434 1437 579 1518 gestant.
597 1421 751 1517 n(Ibid.,
766 1448 802 1519 p.
828 1422 901 1519 ιο..)

335 1541 384 1609 La
410 1535 509 1608 lettre
534 1537 733 1608 d’indictiou
768 1537 814 1608 les
837 1540 942 1609 invite
969 1537 1218 1636 expressimcnt
1241 1548 1329 1606 avant

289 1655 453 1750 d’ajonter
479 1655 525 1726 les
550 1671 640 1726 muts
662 1655 867 1741 ordinaires,
887 1659 1094 1754 centenisque
1111 1657 1177 1754 qni
1196 1655 1241 1726 de
1257 1652 1329 1752 Jiur

290 1787 357 1841 unt
375 1770 624 1842 consuetudine
641 1779 809 1843 interesse
822 1771 971 1844 debent:
990 1773 1184 1868 «Idemque
1203 1785 1240 1840 ut
1259 1795 1330 1864 pre·

291 1915 308 1950 u
326 1903 416 1956 stent
429 1888 582 1959 diaecesis
600 1905 714 1962 vestrae
726 1889 905 1986 capitulis,
928 1891 1128 1972 abbatibus,
1150 1889 1330 1978 caeterisque

292 2031 309 2066 a
327 2003 385 2098 qui
414 2003 455 2073 de
475 2003 552 2098 jure
571 2018 604 2074 et
622 2006 866 2075 consuetudine
886 2008 1044 2076 interesse
1063 2004 1190 2075 debent
1208 2001 1331 2073 mande·

294 2147 312 2182 u
332 2121 374 2188 tis
397 2135 430 2189 et
447 2117 655 2214 significetis.
676 2153 692 2188 2>
711 2121 902 2219 (Odcspun,
923 2149 956 2218 p.
976 2121 1051 2218 (ir.)

347 2233 484 2304 Concile
499 2236 540 2304 de
556 2238 713 2308 Cambrai
731 2238 772 2306 de
792 2235 900 2327 1565,
916 2237 1012 2310 lettre
1028 2236 1227 2308 d'indiction
1239 2262 1246 2304 ε
1260 2265 1275 2301 u
1289 2238 1335 2326 lp·

296 2354 427 2448 «sique
450 2351 753 2448 comprovinciales
777 2356 879 2423 nostri
907 2355 1054 2449 episcopi
1076 2353 1226 2448 praedicti
1247 2375 1335 2446 quos·

298 2497 316 2532 a
337 2493 482 2565 cumque
500 2469 601 2539 etiam
621 2495 759 2540 suarum
776 2471 957 2565 respective
978 2465 1169 2539 dioecesium
1191 2469 1335 2551 abbates,

298 2611 315 2646 a
335 2583 488 2678 praelatos
517 2599 550 2654 et
575 2583 658 2654 alios
685 2587 743 2681 qui
773 2585 814 2655 de
837 2587 916 2680 jure
945 2581 995 2654 vel
1022 2585 1267 2656 consuetudine
1287 2595 1336 2651 aut

298 2729 315 2763 «
336 2701 512 2797 privilegio
532 2703 690 2771 interesse
709 2702 846 2788 debent,
864 2702 907 2773 ad
923 2701 1014 2772 illam
1030 2728 1167 2798 quoque
1181 2719 1260 2772 tunc
1276 2723 1338 2770 con-

300 2845 318 2881 «
338 2818 451 2887 venire
471 2833 504 2886 et
517 2843 712 2913 comparere
731 2817 866 2888 faciant.
887 2849 903 2884 u
923 2817 1114 2914 (Odespum
1129 2845 1164 2914 p.
1197 2813 1287 2910 148.)

350 2934 490 3004 Concile
505 2934 546 3004 de
560 2937 681 3006 Rauen
696 2935 737 3005 de
759 2936 844 3010 1581
863 2965 871 3006 :
892 2937 1115 3027 «Quaesitum
1136 2953 1188 3006 est
1207 2937 1338 3031 primum

291 3073 319 3114 'a
338 3077 439 3146 quam
456 3075 574 3122 vocem
591 3051 727 3122 abbates
746 3055 915 3148 praecipue
934 3052 1212 3122 commendatarii
1218 3104 1273 3122 .....
1287 3049 1340 3117 ha·

302 3198 318 3230 «
343 3168 422 3236 bero
443 3166 585 3236 deceret.
606 3197 622 3232 u
643 3165 831 3266 (Odespum
851 3195 887 3263 p.
907 3165 1005 3262 ati.)

355 3283 495 3353 Concile
514 3283 556 3353 de
575 3265 689 3354 Reims
718 3285 759 3354 de
782 3280 874 3357 1583
898 3311 906 3354 τ
936 3315 952 3351 a
967 3291 1184 3357 Promotores
1206 3273 1342 3356 animad-

310 3429 328 3467 u
344 3393 544 3473 vertendum
577 3426 649 3471 esse
670 3417 880 3471 monuerunt
910 3401 1048 3472 abbates
1082 3420 1151 3472 tam
1185 3399 1342 3498 regulares

309 3549 327 3584 a
345 3544 446 3615 quam
470 3517 774 3588 commendatarios
805 3543 845 3587 ac
866 3519 1079 3588 ecclesiarum
1102 3517 1341 3622 collegiatarum

309 3667 326 3702 a
344 3632 488 3730 capitula
502 3688 511 3724 ,
525 3637 654 3730 priores
673 3651 706 3704 et
725 3650 860 3704 curatos
886 3635 1020 3704 invitari
1045 3634 1178 3728 quidem
1199 3634 1241 3704 ad
1260 3652 1344 3726 syna

311 3783 328 3817 u
348 3753 429 3821 dum
439 3748 692 3845 provincialem,
703 3747 760 3818 sed
772 3773 838 3818 nou
851 3747 1007 3846 compelli
1021 3748 1183 3848 potuisse.
1199 3778 1216 3814 »
1233 3743 1343 3843 (Odes-

307 3863 586 3963 pampalia.)

357 4015 376 4050 u
391 3983 538 4057 Nomina
559 3984 638 4055 item
652 3984 855 4054 abbatum...
874 3982 933 4079 qui
954 3983 1033 4052 lmic
1048 3981 1178 4078 synodo
1201 3977 1347 4053 interlue·

312 4138 328 4171 a
349 4117 429 4176 runt
446 4099 549 4171 relata
563 4114 642 4169 sunt
655 4125 730 4170 cum
748 4101 843 4171 actis.
861 4130 877 4165 »
902 4099 1099 4196 (Odespun,
1121 4125 1157 4196 p.
1180 4095 1283 4192 251.)

360 4225 435 4297 on
451 4215 598 4289 verbaux
616 4213 664 4286 du
683 4217 792 4287 meme
809 4214 939 4286 concile
959 4211 1080 4314 (ibat,
1097 4241 1131 4318 p.
1152 4213 1252 4314 262),
1272 4210 1292 4285 it
1305 4223 1346 4279 est
