2910 5038
465 431 469 438 ’
530 455 779 522 carnosus.
1112 450 1182 523 583

131 599 249 691 calam,
265 616 399 697 tempus
419 602 588 674 intervalli
605 598 671 672 dici
698 601 854 692 Paschae,
879 616 915 671 et
933 603 1098 698 majorum
1111 628 1182 705 mo-

133 715 243 786 bilium
273 718 437 788 festorum
461 745 529 788 non
549 720 694 814 ignoret.
716 717 886 790 Volumus
905 732 1040 806 autem,
1063 719 1183 790 fratres

134 831 343 922 dilectissimi,
361 847 529 929 quatenus
550 857 625 929 quaa
639 849 754 904 nostra
773 833 971 930 percepistis
989 833 1181 909 traditione,

135 949 224 1020 bonis
243 951 404 1020 studeatis
430 953 590 1047 operibus
615 949 820 1046 adimplere,
838 965 1021 1045 praestante
1033 954 1183 1022 Domino
1207 933 1216 948 ⁶

134 1081 246 1136 nostro
267 1070 345 1136 Jesu
371 1067 531 1158 Christo,
560 1069 616 1137 cui
639 1092 715 1138 cum
735 1071 838 1136 Patre
863 1080 897 1135 et
918 1067 1046 1161 Spiritu
1068 1081 1185 1138 sancto

132 1195 175 1250 est
197 1183 308 1252 honor
327 1197 363 1252 et
379 1182 486 1279 gloria
505 1185 541 1253 in
556 1183 677 1255 seacula
692 1181 904 1254 saeculorum.
931 1174 934 1180 ¹

178 1316 265 1385 Tum
275 1311 449 1414 pontifex
463 1313 614 1390 dimissu
630 1321 738 1389 mitra
753 1318 878 1418 surgit,
891 1333 927 1390 et
939 1331 1042 1388 stans
1057 1341 1187 1391 versus

130 1426 312 1523 adultere,
332 1431 418 1506 dicit
430 1433 617 1507 absolute:

583 1599 743 1668 Oremus.

176 1743 279 1817 Nulla
313 1761 381 1834 est,
419 1746 587 1837 Domine,
613 1747 771 1816 humanae
808 1745 1026 1816 couscientiae
1043 1741 1182 1840 uirtus,

131 1845 202 1956 quae
220 1861 388 1932 inoffense
411 1864 518 1958 possit
535 1879 602 1933 tuae
619 1861 805 1932 voluntatis
824 1861 950 1956 judicia
966 1865 1132 1958 experiri3
1152 1882 1186 1937 et

34 2059 37 2070 ,
130 1978 222 2066 ideo,
242 1979 321 2073 quia
344 1979 580 2074 imperfectum
599 1993 756 2048 nostrum
771 1977 887 2048 vident
903 1979 994 2051 oculi
1017 1983 1089 2069 tui,
1107 2006 1186 2076 per-

131 2093 264 2164 fectioni
288 2095 426 2190 deputa,
445 2097 634 2166 misericors
658 2100 767 2185 Deus,
790 2096 883 2190 quod
908 2096 1059 2192 perfecto
1079 2101 1187 2194 aequi·

130 2211 205 2280 tatis
216 2208 285 2281 fine
296 2212 500 2284 concludere
514 2227 731 2308 peroptamus
747 2239 756 2282 t
775 2227 807 2282 te
821 2214 854 2280 in
874 2213 998 2283 nostris
1012 2215 1187 2312 principiis

130 2353 341 2398 occursorem
363 2331 601 2425 poposcimus3
620 2347 653 2399 te
669 2330 703 2398 in
722 2330 788 2398 hoc
806 2328 874 2398 fine
891 2329 1095 2422 judiciorum
1110 2358 1187 2404 uos-

131 2460 261 2514 trorum
281 2445 486 2516 indultorem
509 2449 632 2516 nostris
661 2446 851 2544 excessibus
880 2469 1074 2540 speramus3
1098 2448 1186 2518 scili·

121 2539 204 2650 ὀᾶ,
224 2577 262 2631 ut
277 2563 477 2656 ignorantiae
495 2575 631 2657 parcas,
648 2562 755 2631 errori
768 2560 954 2656 indulgeas,
974 2576 1012 2630 ut
1029 2546 1185 2656 perlectis

130 2680 219 2747 votis
238 2678 421 2774 perlectam
435 2681 550 2774 operis
574 2677 758 2748 efficaciam
780 2674 953 2771 largiaris:
973 2693 1008 2746 et
1020 2703 1088 2771 qua
1106 2704 1187 2748 con·

130 2795 271 2864 scientia
286 2794 500 2866 remordente
519 2795 743 2883 tabescimus,
764 2819 807 2863 ue
829 2808 889 2864 aut
909 2795 1102 2890 ignorantia
1125 2823 1186 2868 uos

131 2913 271 2980 traxerit
285 2914 320 2981 in
340 2937 508 2998 errorem,
534 2927 593 2982 aut
615 2935 761 3006 praeceps
784 2909 925 2979 lbrsitan
944 2909 1102 2982 voluntas
1122 2915 1187 2981 im-

129 3027 256 3122 pulerit
278 3029 442 3122 justitiam
468 3027 661 3116 declinare3
685 3027 750 3096 boc
771 3043 804 3095 te
825 3027 1012 3120 poscimus,
1034 3042 1067 3096 te
1089 3052 1189 3122 roga-

128 3169 225 3231 mus,
257 3159 295 3212 ut
315 3145 342 3212 si
368 3143 451 3238 quid
472 3143 671 3235 offensionis
697 3143 818 3212 iubae
841 3141 976 3212 concilii
992 3141 1187 3216 celebritate

127 3262 376 3349 contraximus,
391 3275 425 3329 te
442 3261 640 3349 miserante,
657 3256 902 3354 indulgentiam
918 3260 1101 3329 sentiamus
1119 3287 1129 3340 ,ε
1149 3277 1188 3331 ut

127 3378 166 3446 in
195 3402 257 3468 eo,
289 3376 381 3472 quod
401 3375 544 3446 soluturi
570 3401 693 3446 sumus·
712 3390 928 3471 aggregatam
955 3376 1143 3470 synodum,
1168 3403 1188 3448 a

126 3496 262 3562 cunctis
281 3495 430 3588 primum
450 3490 666 3562 absolvamur
681 3506 876 3560 nostrorum
892 3491 1032 3560 nexibus
1050 3492 1186 3562 delicto-

126 3633 230 3697 rum;
254 3607 419 3702 qualiter,
447 3623 481 3677 et
502 3622 765 3702 transgressores
791 3607 909 3694 venia,
926 3621 960 3675 et
988 3607 1188 3680 confitentes

126 3726 207 3812 tibi,
222 3725 447 3818 subsequatur
461 3724 689 3794 remuneratio
702 3722 923 3816 sempiterna3
937 3725 1002 3791 Per
1015 3724 1187 3795 Christum

125 3842 320 3910 Dominum
337 3855 501 3911 nostrum.
521 3843 571 3936 Β(
591 3844 711 3910 Arnen.

187 3955 325 4045 Deinde
355 3973 528 4046 benedicit
541 3974 757 4064 solemniter,
778 3973 944 4045 omnibus
962 3973 1084 4046 diceus
1104 4003 1114 4045 .·
1137 3979 1189 4050 Sit

125 4118 261 4162 nomeu
281 4093 421 4162 Domini
437 4092 664 4180 benedictum,
683 4106 760 4180 eto,
785 4107 820 4162 et
839 4089 903 4160 dut
921 4089 1187 4188 indulgentiam.
1217 4116 1221 4122 ’

130 4206 274 4300 Quibus
296 4208 474 4304 peractis,
493 4205 779 4300 archidiaconus,
802 4205 1024 4302 stuusjuutu
1037 4212 1188 4304 pontufi-
