2836 5024
583 986 926 1082 CHAPITRE
957 985 1019 1076 X.

271 1290 399 1347 Prot-on
413 1288 514 1342 inviter
523 1282 573 1339 des
586 1279 704 1356 evesques
715 1279 863 1354 ermagoro
876 1275 897 1332 ὰ
909 1278 939 1332 la
944 1280 1091 1351 province,
1107 1277 1250 1354 etqnelles
1262 1283 1317 1332 sont

563 1389 604 1446 les
618 1384 796 1446 attributione
809 1387 845 1442 de
858 1404 903 1440 ces
917 1383 1043 1460 ἐνέφυσε.

325 2073 422 2144 Voici
435 2097 472 2142 ce
487 2071 544 2168 qui
563 2086 621 2142 eut
640 2069 704 2142 lieu
730 2096 774 2142 au
794 2069 924 2142 concile
945 2069 987 2140 de
1009 2070 1123 2140 Reims
1146 2069 1188 2140 do
1216 2065 1320 2154 1564:

323 2193 371 2260 Le
388 2186 657 2284 mdtropolitain,
680 2187 762 2257 dans
782 2213 817 2258 sa
843 2187 1010 2284 premiere
1028 2184 1234 2274 allocution,
1251 2181 1322 2254 s'ex·

278 2305 386 2402 prima
402 2303 488 2374 ainsi
510 2329 553 2373 au
573 2304 662 2397 sujet
682 2302 725 2372 de
749 2301 837 2372 deux
859 2301 1002 2398 dv'dques
1023 2301 1196 2398 dtrangers
1221 2301 1323 2396 quise

278 2420 480 2490 trouvaient
489 2417 577 2489 alors
594 2416 614 2488 a
635 2418 773 2488 Reims:

331 2565 348 2600 n
365 2537 479 2606 Restat
497 2559 588 2604 nunc
608 2547 646 2602 ut
661 2558 699 2602 ea
713 2533 951 2628 aggrediamur
963 2557 1037 2628 quae
1052 2533 1239 2603 necessario
1256 2543 1326 2600 sunt

284 2649 527 2746 «providenda
553 2641 751 2744 priusquam
773 2649 951 2720 inchoetur
969 2648 1174 2719 concilium:
1195 2650 1236 2718 de
1257 2646 1325 2742 qui·

281 2796 299 2833 n
317 2769 380 2837 hus
400 2767 595 2862 priusquam
619 2762 857 2852 deliberemus,
871 2765 972 2836 velim
988 2763 1185 2862 intelligatis
1206 2764 1327 2858 aliquot

283 2913 300 2948 n
318 2885 492 2980 episcopos
506 2883 563 2976 qui
579 2894 657 2951 sunt
671 2896 764 2950 extra
782 2881 866 2950 fines
883 2881 983 2974 hujus
998 2895 1120 2950 nostrae
1135 2881 1327 2978 provinciae,

284 3024 301 3068 u
319 2999 406 3068 sarna
433 2997 533 3090 hujus
556 2995 690 3066 concilii
709 2998 817 3066 esuis
844 2997 980 3066 sedibus
1006 2997 1169 3068 (excitatos
1192 2998 1258 3067 huc
1281 3021 1327 3064 ve·

286 3114 419 3183 «nisse.
442 3115 491 3182 Ex
508 3111 630 3206 quibus
649 3113 729 3200 duo,
744 3138 864 3209 nempe
888 3111 1051 3184 Nicolaus
1076 3110 1219 3184 Pelveus
1243 3136 1328 3182 reve·

285 3258 303 3295 n
321 3227 536 3298 rendissimus
563 3215 838 3326 archiepiscopus
866 3231 1086 3320 senonensia,
1114 3245 1147 3298 et
1175 3226 1329 3302 Nicolaus

285 3375 302 3412 o
319 3344 472 3418 Psalmus
488 3344 781 3417 reverendissimus
798 3346 975 3445 episcopus
983 3345 1226 3436 virdunensis,
1244 3367 1329 3416 nuno

284 3491 301 3527 α
320 3462 353 3530 in
367 3457 514 3531 claustro
530 3458 765 3548 deambulant3
780 3487 897 3531 eorum
916 3461 1089 3556 praesentia
1106 3487 1184 3532 cum
1197 3463 1242 3532 ob
1257 3461 1330 3530 doo-

285 3577 465 3662 «trinam,
486 3589 557 3644 tum
581 3575 624 3644 ob
644 3575 859 3670 prudentiam
870 3602 1051 3672 rerumque
1075 3578 1329 3673 experientiam,

286 3725 303 3762 α
322 3694 401 3764 huic
411 3705 622 3762 sacrosancto
640 3693 739 3761 coetui
760 3718 884 3788 magno
900 3698 1025 3788 poterit
1039 3717 1109 3763 esse
1122 3695 1209 3763 usui.
1224 3695 1328 3783 Quam

283 3841 300 3875 n
318 3809 361 3879 ob
378 3833 446 3878 rem
462 3808 489 3876 si
506 3807 675 3876 videbitur
690 3809 770 3878 huic
784 3812 983 3900 couventui,
998 3834 1167 3879 censerem
1186 3834 1244 3878 eos
1264 3830 1330 3878 esse

283 3952 301 3996 «
318 3922 487 4022 rogandos
503 3937 541 3991 ut
560 3921 594 3991 in
616 3923 707 3994 hunc
727 3922 837 3994 locmn
854 3920 1121 4018 ingrederentur.
1137 3923 1240 4014 Quod
1255 3947 1327 3994 cum

285 4073 301 4109 o
321 4041 501 4138 placuisset
521 4040 680 4110 omnibus
700 4057 733 4111 et
755 4040 1051 4112 Reverendissimo
1074 4038 1328 4134 metropolitano

286 4157 465 4255 «prasidi,
491 4156 584 4226 missi
607 4155 676 4226 duo
695 4156 893 4228 Rhemeosis
916 4154 1064 4228 ecclesiae
1089 4150 1328 4236 archidiaconi,
