2804 5022
190 485 341 533 concina
361 486 465 535 auor.
483 487 552 536 ran
570 485 733 534 arraona
751 485 798 534 au
818 487 845 533 s.
860 467 970 536 staca.
1049 465 1117 564 257

106 605 180 680 sdan
203 611 434 684 sacerdotibus
451 613 659 703 Galliarum,
683 614 779 708 juxta
810 613 910 685 iidem
936 615 1121 712 gandemus

104 729 242 800 «sensisse
259 729 515 803 catholicam...
528 733 746 827 Quapropter
763 731 887 802 affectu
907 757 1060 830 congruo
1070 761 1121 818 sa·

26 877 27 888 κ
100 868 110 902 r
121 837 258 937 tutantes,
274 847 538 943 suprascriptam
557 845 801 918 confessionem
819 862 961 918 vestram
980 875 1122 919 consen·

99 970 234 1030 «teneam
254 961 428 1034 catholicis
451 977 587 1059 patrum
611 960 737 1058 regulis
755 963 994 1060 adprobamus.
1011 966 1124 1061 »(85-

99 1075 186 1165 nond,
205 1092 289 1148 tom.
306 1082 338 1164 1,
357 1103 433 1176 pag.
460 1079 560 1175 223.)

131 1193 217 1262 Cette
237 1192 335 1263 lettre
349 1194 391 1264 dc
408 1195 569 1266 Boniface
587 1197 621 1265 lt
638 1218 725 1265 nous
743 1195 805 1265 fait
823 1197 944 1286 sarcir,
955 1221 997 1266 en
1014 1211 1128 1287 outre,

96 1327 141 1396 que
152 1310 239 1378 saint
256 1308 392 1381 Cdsaire
406 1313 494 1381 avait
514 1309 588 1406 ddja
608 1335 752 1381 rerouru
769 1335 810 1382 au
826 1309 1028 1407 saint-siege,
1039 1337 1128 1406 pour

95 1443 122 1489 eu
134 1425 263 1496 obtenir
281 1453 349 1497 une
368 1426 517 1497 dicision
535 1451 594 1496 sur
611 1425 657 1497 les
673 1429 798 1497 memes
812 1427 987 1522 questions
1004 1428 1061 1522 qui
1075 1426 1128 1497 fu·

95 1555 148 1608 rent
169 1543 306 1612 traitdes
328 1544 411 1613 dans
435 1542 464 1612 le
485 1542 610 1613 second
632 1542 763 1612 concile
785 1541 981 1639 d’Orange,
1001 1558 1035 1612 et
1060 1568 1126 1638 que

94 1649 114 1722 le
128 1681 207 1753 pape
228 1658 351 1728 n’arait
370 1685 429 1755 pas
451 1684 576 1729 encore
594 1657 763 1754 rdpondu,
785 1659 919 1756 lorsque
940 1686 977 1730 ce
998 1659 1144 1731 concilo

94 1794 117 1837 se
132 1773 257 1870 renuit,
287 1790 321 1844 et
352 1775 488 1869 lorsque
514 1801 564 1845 ses
596 1772 725 1866 dicrets
752 1777 938 1846 arriserent
970 1778 987 1846 a
1019 1779 1128 1846 Rome

92 1909 150 1958 arec
171 1887 204 1960 la
225 1891 394 1961 dernandc
413 1891 454 1961 de
478 1891 734 1962 confirmation.

26 2027 28 2090 ξ
125 2003 340 2103 L'empereur
359 2009 528 2078 Justinien
544 2007 682 2077 derirait
703 2031 745 2076 an
761 2030 847 2103 pape
863 2011 944 2078 Jean
967 2011 1020 2078 11:

26 2143 28 2254 p
123 2125 222 2194 «Nec
242 2125 331 2218 enim
351 2125 500 2219 patimur
523 2121 710 2219 quidquam
729 2122 820 2216 quod
843 2122 886 2192 ad
910 2121 1126 2194 ecclesiarum

26 2263 28 2348 Ξ
52 2323 54 2330 y
92 2265 102 2297 a
113 2254 230 2309 statum
247 2241 408 2336 pertinet,
425 2240 579 2335 quamvis
606 2237 819 2308 manifestum
843 2253 875 2308 et
900 2239 1129 2309 indubitatum

91 2359 161 2443 «sir,
176 2373 297 2428 utnon
310 2373 425 2427 vestrae
442 2357 627 2425 innotescat
649 2355 820 2424 sanctitati
834 2383 841 2425 :
855 2358 932 2449 quia
959 2371 1061 2452 caput
1081 2371 1129 2425 est
1207 2399 1213 2410 ·

90 2474 256 2542 somnium
268 2488 459 2543 sanctarum
472 2469 1132 2567 ecclesiarum.n(Coustant,pr.,p.xr11.)

127 2591 172 2658 Le
192 2591 301 2659 meme
319 2610 512 2684 empereur,
534 2587 616 2657 dans
632 2611 694 2655 son
715 2586 827 2675 Code,
853 2579 934 2654 livre
959 2588 1014 2676 W,
1028 2587 1083 2656 tit.
1102 2588 1141 2672 1„

91 2697 125 2772 toi
139 2702 188 2800 7²,
212 2705 385 2800 s’exprime
405 2705 511 2776 ainsi:

129 2823 272 2920 «Neque
290 2821 379 2890 enim
398 2821 545 2916 patimur
572 2835 610 2891 ut
638 2819 825 2916 quidquam
850 2841 970 2888 eorum
996 2841 1070 2914 quae
1089 2816 1129 2886 ad

91 2937 377 3007 «ecclesiasticum
408 2951 562 3032 spectant
589 2951 730 3016 statum,
759 2961 826 3005 non
858 2936 957 3005 etiam
987 2933 1028 3003 ad
1060 2933 1131 3028 ejus

26 3107 28 3134 ,
92 3079 105 3111 s
120 3050 330 3147 (sanctissimi
351 3077 447 3148 papae
469 3053 590 3122 veteris
612 3051 745 3148 Itomae)
765 3051 929 3122 referatur
948 3049 1131 3120 beatitudi-

91 3193 207 3256 unem,
226 3195 305 3240 cnm
322 3171 365 3239 sit
381 3183 483 3265 caput
502 3171 653 3239 omniurn
679 3169 966 3239 sanctissimorum
995 3167 1059 3238 Dei
1073 3191 1131 3235 sa-

91 3314 105 3347 c
122 3289 314 3378 cerdotnm;
337 3304 371 3358 et
387 3291 485 3383 quia,
499 3291 632 3384 quoties
652 3290 686 3358 in
703 3285 768 3357 iltis
784 3285 865 3358 locis
883 3285 1030 3357 haeretici
1045 3285 1130 3354 exti·
1204 3271 1208 3282 ¹

92 3418 247 3493 «terunt,
276 3407 443 3476 sententia
469 3419 502 3474 et
531 3419 623 3476 recto
647 3403 778 3499 judicio
811 3402 902 3474 illius
932 3399 1132 3470 venerabilis

93 3521 202 3592 «sedis
220 3522 358 3593 coerciti
381 3537 471 3592 sunt.
491 3551 508 3588 n

131 3636 210 3709 L'an
227 3633 311 3729 545,
331 3636 362 3706 ie
380 3662 464 3734 pape
475 3635 588 3734 Vigila
605 3635 778 3707 ecrivaitd
797 3641 954 3723 Auxane,
971 3633 1153 3703 archard.

92 3774 149 3844 que
166 3754 321 3826 d’Artes:
812 3751 816 3758 ’

132 3871 194 3940 «si
212 3895 287 3967 qnae
304 3894 385 3964 ergo
404 3868 492 3938 inter
507 3869 627 3938 fratres
649 3884 682 3938 et
700 3872 918 3963 coepiscopos
939 3879 1072 3934 nostros
1094 3863 1129 3932 in

92 4009 105 4042 s
118 3980 194 4053 iocis
216 4001 332 4056 vestrae
353 3987 484 4055 caritati
509 3985 664 4082 praesenti
689 3984 896 4053 arretoritate
915 3981 1133 4050 commissis...

62 4120 64 4126 ·
94 4096 335 4173 «dissensiones
354 4103 571 4190 emerserint,
598 4099 759 4169 adhibitis
786 4100 958 4168 vobiscum
984 4096 1137 4167 sacerdo·

94 4216 205 4288 stibus
220 4243 361 4292 numero
381 4218 601 4314 competenti,
621 4243 738 4288 causas
761 4217 923 4288 cauouica
948 4231 982 4285 ct
1004 4229 1137 4312 aposto·

940 4341 974 4392 17
1046 4356 1050 4364 ·
