<?xml version="1.0" encoding="UTF-8"?>
<!DOCTYPE html PUBLIC "-//W3C//DTD XHTML 1.0 Transitional//EN"
    "http://www.w3.org/TR/xhtml1/DTD/xhtml1-transitional.dtd">
<html xmlns="http://www.w3.org/1999/xhtml" xml:lang="en" lang="en">
 <head>
  <title>
</title>
<meta http-equiv="Content-Type" content="text/html;charset=utf-8" />
  <meta name='ocr-system' content='tesseract 3.04.00' />
  <meta name='ocr-capabilities' content='ocr_page ocr_carea ocr_par ocr_line ocrx_word'/>
</head>
<body>
  <div class='ocr_page' id='page_1' title='image "./duconcileprovin00bouigoog/duconcileprovin00bouigoog_0380.png"; bbox 0 0 2806 5026; ppageno 0'>
   <div class='ocr_carea' id='block_1_1' title="bbox 301 483 993 558">
    <p class='ocr_par' dir='ltr' id='par_1_1' title="bbox 301 483 993 558">
     <span class='ocr_line' id='line_1_1' title="bbox 301 483 993 558; baseline -0.004 -3"><span class='ocrx_word' id='word_1_1' title='bbox 301 483 369 558; x_wconf 77' lang='lat'>362</span> <span class='ocrx_word' id='word_1_2' title='bbox 660 504 764 554; x_wconf 80' lang='grc' dir='ltr'>ιιιιιι</span> <span class='ocrx_word' id='word_1_3' title='bbox 790 485 993 553; x_wconf 76' lang='lat' dir='ltr'>morsurus.</span> 
     </span>
    </p>
   </div>
   <div class='ocr_carea' id='block_1_2' title="bbox 249 615 1388 4328">
    <p class='ocr_par' dir='ltr' id='par_1_2' title="bbox 249 615 1388 2007">
     <span class='ocr_line' id='line_1_2' title="bbox 333 615 1323 734; baseline -0.01 -24"><span class='ocrx_word' id='word_1_4' title='bbox 333 615 553 710; x_wconf 22' lang='lat' dir='ltr'>&#39;Neanmoins</span> <span class='ocrx_word' id='word_1_5' title='bbox 575 631 597 704; x_wconf 91' lang='lat' dir='ltr'>il</span> <span class='ocrx_word' id='word_1_6' title='bbox 618 635 707 704; x_wconf 79' lang='lat' dir='ltr'>n’osa</span> <span class='ocrx_word' id='word_1_7' title='bbox 724 635 845 734; x_wconf 74' lang='lat' dir='ltr'>jamnis</span> <span class='ocrx_word' id='word_1_8' title='bbox 864 635 938 702; x_wconf 91' lang='lat' dir='ltr'>nier</span> <span class='ocrx_word' id='word_1_9' title='bbox 960 628 991 703; x_wconf 87' lang='lat' dir='ltr'>le</span> <span class='ocrx_word' id='word_1_10' title='bbox 1009 635 1154 728; x_wconf 83' lang='lat' dir='ltr'>pouvoir</span> <span class='ocrx_word' id='word_1_11' title='bbox 1171 629 1323 731; x_wconf 74' lang='lat' dir='ltr'>pontificii</span> 
     </span>
     <span class='ocr_line' id='line_1_3' title="bbox 299 745 1325 848; baseline -0.007 -22"><span class='ocrx_word' id='word_1_12' title='bbox 299 750 500 826; x_wconf 64' lang='lat' dir='ltr'>iie&#39;tnander</span> <span class='ocrx_word' id='word_1_13' title='bbox 515 753 563 824; x_wconf 89' lang='lat' dir='ltr'>les</span> <span class='ocrx_word' id='word_1_14' title='bbox 582 753 724 848; x_wconf 68' lang='lat' dir='ltr'>eseques</span> <span class='ocrx_word' id='word_1_15' title='bbox 745 753 764 822; x_wconf 76' lang='lat' dir='ltr'>e</span> <span class='ocrx_word' id='word_1_16' title='bbox 782 755 911 840; x_wconf 88' lang='lat' dir='ltr'><strong>Rome,</strong></span> <span class='ocrx_word' id='word_1_17' title='bbox 934 765 968 820; x_wconf 90' lang='lat' dir='ltr'>et</span> <span class='ocrx_word' id='word_1_18' title='bbox 987 745 1029 820; x_wconf 86' lang='lat' dir='ltr'>de</span> <span class='ocrx_word' id='word_1_19' title='bbox 1050 750 1097 820; x_wconf 83' lang='lat' dir='ltr'>les</span> <span class='ocrx_word' id='word_1_20' title='bbox 1119 751 1250 846; x_wconf 83' lang='lat' dir='ltr'>obliger</span> <span class='ocrx_word' id='word_1_21' title='bbox 1266 747 1325 843; x_wconf 79' lang='lat' dir='ltr'>ls’J</span> 
     </span>
     <span class='ocr_line' id='line_1_4' title="bbox 298 854 1328 966; baseline -0.007 -25"><span class='ocrx_word' id='word_1_22' title='bbox 298 869 432 942; x_wconf 81' lang='lat' dir='ltr'>rendre.</span> <span class='ocrx_word' id='word_1_23' title='bbox 446 871 497 940; x_wconf 89' lang='lat' dir='ltr'>La</span> <span class='ocrx_word' id='word_1_24' title='bbox 512 871 668 966; x_wconf 88' lang='lat' dir='ltr'>prathue</span> <span class='ocrx_word' id='word_1_25' title='bbox 684 867 725 938; x_wconf 93' lang='lat' dir='ltr'>de</span> <span class='ocrx_word' id='word_1_26' title='bbox 741 854 897 964; x_wconf 79' lang='lat' dir='ltr'>l&#39;Eglise,</span> <span class='ocrx_word' id='word_1_27' title='bbox 917 867 1015 938; x_wconf 74' lang='lat' dir='ltr'>desle</span> <span class='ocrx_word' id='word_1_28' title='bbox 1032 869 1174 936; x_wconf 87' lang='lat' dir='ltr'>berceau</span> <span class='ocrx_word' id='word_1_29' title='bbox 1192 866 1239 936; x_wconf 90' lang='lat' dir='ltr'>du</span> <span class='ocrx_word' id='word_1_30' title='bbox 1251 866 1328 935; x_wconf 75' lang='lat' dir='ltr'>chria</span> 
     </span>
     <span class='ocr_line' id='line_1_5' title="bbox 296 984 1341 1080; baseline -0.002 -25"><span class='ocrx_word' id='word_1_31' title='bbox 296 988 467 1074; x_wconf 86' lang='lat' dir='ltr'>tianisme‚</span> <span class='ocrx_word' id='word_1_32' title='bbox 485 984 567 1055; x_wconf 88' lang='lat' dir='ltr'>etait</span> <span class='ocrx_word' id='word_1_33' title='bbox 583 999 659 1079; x_wconf 84' lang='lat' dir='ltr'>trop</span> <span class='ocrx_word' id='word_1_34' title='bbox 684 984 838 1056; x_wconf 76' lang='lat' dir='ltr'>evidente</span> <span class='ocrx_word' id='word_1_35' title='bbox 860 1010 917 1053; x_wconf 93' lang='lat' dir='ltr'>sur</span> <span class='ocrx_word' id='word_1_36' title='bbox 938 1009 976 1054; x_wconf 87' lang='lat' dir='ltr'>ce</span> <span class='ocrx_word' id='word_1_37' title='bbox 1001 985 1109 1080; x_wconf 91' lang='lat' dir='ltr'>point.</span> <span class='ocrx_word' id='word_1_38' title='bbox 1133 985 1233 1056; x_wconf 90' lang='lat' dir='ltr'>Voici</span> <span class='ocrx_word' id='word_1_39' title='bbox 1251 1005 1341 1056; x_wconf 86' lang='lat' dir='ltr'>cun·</span> 
     </span>
     <span class='ocr_line' id='line_1_6' title="bbox 249 1099 1350 1196; baseline -0.006 -24"><span class='ocrx_word' id='word_1_40' title='bbox 249 1136 251 1140; x_wconf 94' lang='lat'>·</span> <span class='ocrx_word' id='word_1_41' title='bbox 296 1115 390 1172; x_wconf 86' lang='lat' dir='ltr'>ment</span> <span class='ocrx_word' id='word_1_42' title='bbox 376 1103 428 1172; x_wconf 89' lang='lat' dir='ltr'>til</span> <span class='ocrx_word' id='word_1_43' title='bbox 452 1127 492 1172; x_wconf 89' lang='lat' dir='ltr'>en</span> <span class='ocrx_word' id='word_1_44' title='bbox 513 1101 596 1179; x_wconf 63' lang='lat' dir='ltr'>ecrit</span> <span class='ocrx_word' id='word_1_45' title='bbox 614 1127 655 1170; x_wconf 87' lang='lat' dir='ltr'>au</span> <span class='ocrx_word' id='word_1_46' title='bbox 676 1123 764 1196; x_wconf 91' lang='lat' dir='ltr'>pape</span> <span class='ocrx_word' id='word_1_47' title='bbox 781 1099 972 1171; x_wconf 76' lang='lat' dir='ltr'>Nicolasl</span> <span class='ocrx_word' id='word_1_48' title='bbox 993 1102 1212 1195; x_wconf 78' lang='lat' dir='ltr'>«Dignum</span> <span class='ocrx_word' id='word_1_49' title='bbox 1229 1113 1264 1169; x_wconf 88' lang='lat' dir='ltr'>et</span> <span class='ocrx_word' id='word_1_50' title='bbox 1279 1122 1350 1194; x_wconf 87' lang='lat' dir='ltr'>Jus-</span> 
     </span>
     <span class='ocr_line' id='line_1_7' title="bbox 287 1215 1388 1314; baseline -0.005 -27"><span class='ocrx_word' id='word_1_51' title='bbox 287 1215 367 1288; x_wconf 71' lang='lat' dir='ltr'>&#39;tum</span> <span class='ocrx_word' id='word_1_52' title='bbox 385 1231 434 1290; x_wconf 88' lang='lat' dir='ltr'>est</span> <span class='ocrx_word' id='word_1_53' title='bbox 453 1233 494 1288; x_wconf 90' lang='lat' dir='ltr'>ut</span> <span class='ocrx_word' id='word_1_54' title='bbox 506 1240 755 1314; x_wconf 88' lang='lat' dir='ltr'>quemcumque</span> <span class='ocrx_word' id='word_1_55' title='bbox 778 1217 977 1314; x_wconf 88' lang='lat' dir='ltr'>episcopum</span> <span class='ocrx_word' id='word_1_56' title='bbox 992 1220 1176 1306; x_wconf 80' lang='lat' dir='ltr'>Romanus,</span> <span class='ocrx_word' id='word_1_57' title='bbox 1198 1215 1388 1312; x_wconf 81' lang='lat' dir='ltr'><strong>pontifex</strong></span> 
     </span>
     <span class='ocr_line' id='line_1_8' title="bbox 296 1332 1331 1426; baseline -0.006 -22"><span class='ocrx_word' id='word_1_58' title='bbox 296 1335 338 1404; x_wconf 88' lang='lat' dir='ltr'>ad</span> <span class='ocrx_word' id='word_1_59' title='bbox 355 1357 389 1404; x_wconf 90' lang='lat' dir='ltr'>se</span> <span class='ocrx_word' id='word_1_60' title='bbox 406 1335 551 1404; x_wconf 84' lang='lat' dir='ltr'>Romam</span> <span class='ocrx_word' id='word_1_61' title='bbox 571 1334 686 1402; x_wconf 87' lang='lat' dir='ltr'>venire</span> <span class='ocrx_word' id='word_1_62' title='bbox 707 1333 934 1423; x_wconf 80' lang='lat' dir='ltr'>mandaverit,</span> <span class='ocrx_word' id='word_1_63' title='bbox 953 1354 980 1402; x_wconf 83' lang='lat' dir='ltr'>st</span> <span class='ocrx_word' id='word_1_64' title='bbox 970 1332 1184 1420; x_wconf 76' lang='lat' dir='ltr'>iufirmitas,</span> <span class='ocrx_word' id='word_1_65' title='bbox 1199 1332 1253 1401; x_wconf 87' lang='lat' dir='ltr'>vel</span> <span class='ocrx_word' id='word_1_66' title='bbox 1275 1353 1331 1426; x_wconf 77' lang='lat' dir='ltr'>gn·</span> 
     </span>
     <span class='ocr_line' id='line_1_9' title="bbox 294 1445 1332 1546; baseline -0.009 -25"><span class='ocrx_word' id='word_1_67' title='bbox 294 1451 365 1520; x_wconf 88' lang='lat' dir='ltr'>vlor</span> <span class='ocrx_word' id='word_1_68' title='bbox 374 1473 595 1546; x_wconf 88' lang='lat' dir='ltr'>quaecumque</span> <span class='ocrx_word' id='word_1_69' title='bbox 610 1449 802 1539; x_wconf 75' lang='lat' dir='ltr'>necessitas,</span> <span class='ocrx_word' id='word_1_70' title='bbox 820 1448 870 1518; x_wconf 88' lang='lat' dir='ltr'>vel</span> <span class='ocrx_word' id='word_1_71' title='bbox 884 1445 1148 1542; x_wconf 83' lang='lat' dir='ltr'>impossibilitas,</span> <span class='ocrx_word' id='word_1_72' title='bbox 1162 1449 1252 1518; x_wconf 86' lang='lat' dir='ltr'>sicut</span> <span class='ocrx_word' id='word_1_73' title='bbox 1267 1446 1332 1516; x_wconf 89' lang='lat' dir='ltr'>sacri</span> 
     </span>
     <span class='ocr_line' id='line_1_10' title="bbox 294 1562 1332 1665; baseline -0.006 -29"><span class='ocrx_word' id='word_1_74' title='bbox 294 1566 476 1665; x_wconf 75' lang='lat' dir='ltr'>praefigunt</span> <span class='ocrx_word' id='word_1_75' title='bbox 490 1589 648 1651; x_wconf 85' lang='lat' dir='ltr'>canones,</span> <span class='ocrx_word' id='word_1_76' title='bbox 664 1583 743 1633; x_wconf 89' lang='lat' dir='ltr'>eum</span> <span class='ocrx_word' id='word_1_77' title='bbox 757 1589 827 1634; x_wconf 90' lang='lat' dir='ltr'>non</span> <span class='ocrx_word' id='word_1_78' title='bbox 845 1563 1045 1653; x_wconf 82' lang='lat' dir='ltr'>detinuerit,</span> <span class='ocrx_word' id='word_1_79' title='bbox 1061 1564 1103 1632; x_wconf 86' lang='lat' dir='ltr'>ad</span> <span class='ocrx_word' id='word_1_80' title='bbox 1121 1562 1217 1634; x_wconf 86' lang='lat' dir='ltr'>illurn</span> <span class='ocrx_word' id='word_1_81' title='bbox 1235 1564 1332 1633; x_wconf 86' lang='lat' dir='ltr'>venire</span> 
     </span>
     <span class='ocr_line' id='line_1_11' title="bbox 294 1677 1333 1775; baseline -0.008 -22"><span class='ocrx_word' id='word_1_82' title='bbox 294 1679 817 1775; x_wconf 83' lang='lat' dir='ltr'>studeat3multomagrset1am</span> <span class='ocrx_word' id='word_1_83' title='bbox 842 1681 879 1748; x_wconf 90' lang='lat' dir='ltr'>is</span> <span class='ocrx_word' id='word_1_84' title='bbox 890 1703 992 1773; x_wconf 90' lang='lat' dir='ltr'>quem</span> <span class='ocrx_word' id='word_1_85' title='bbox 1011 1703 1075 1774; x_wconf 92' lang='lat' dir='ltr'>pro</span> <span class='ocrx_word' id='word_1_86' title='bbox 1087 1677 1226 1773; x_wconf 84' lang='lat' dir='ltr'>querela</span> <span class='ocrx_word' id='word_1_87' title='bbox 1247 1677 1289 1748; x_wconf 85' lang='lat' dir='ltr'>ad</span> <span class='ocrx_word' id='word_1_88' title='bbox 1309 1699 1333 1745; x_wconf 85' lang='lat' dir='ltr'>se</span> 
     </span>
     <span class='ocr_line' id='line_1_12' title="bbox 294 1788 1333 1891; baseline -0.005 -26"><span class='ocrx_word' id='word_1_89' title='bbox 294 1817 509 1891; x_wconf 88' lang='lat' dir='ltr'>quocumque</span> <span class='ocrx_word' id='word_1_90' title='bbox 537 1788 639 1863; x_wconf 85' lang='lat' dir='ltr'>modo</span> <span class='ocrx_word' id='word_1_91' title='bbox 659 1793 862 1864; x_wconf 83' lang='lat' dir='ltr'>clamantem</span> <span class='ocrx_word' id='word_1_92' title='bbox 875 1795 1088 1889; x_wconf 45' lang='lat' dir='ltr'>pmaesentiae</span> <span class='ocrx_word' id='word_1_93' title='bbox 1101 1791 1234 1887; x_wconf 73' lang='lat' dir='ltr'>judicat</span> <span class='ocrx_word' id='word_1_94' title='bbox 1256 1793 1333 1862; x_wconf 83' lang='lat' dir='ltr'>erhi-</span> 
     </span>
     <span class='ocr_line' id='line_1_13' title="bbox 295 1909 729 2007; baseline -0.005 -28"><span class='ocrx_word' id='word_1_95' title='bbox 295 1911 458 1981; x_wconf 87' lang='lat' dir='ltr'>bendum.</span> <span class='ocrx_word' id='word_1_96' title='bbox 478 1935 495 1979; x_wconf 84' lang='grc' dir='ltr'>ι)</span> <span class='ocrx_word' id='word_1_97' title='bbox 513 1909 634 2007; x_wconf 83' lang='lat' dir='ltr'><strong>(Epist.</strong></span> <span class='ocrx_word' id='word_1_98' title='bbox 658 1909 729 2007; x_wconf 80' lang='lat' dir='ltr'>r7)</span> 
     </span>
    </p>

    <p class='ocr_par' dir='ltr' id='par_1_3' title="bbox 338 2023 1335 2120">
     <span class='ocr_line' id='line_1_14' title="bbox 338 2023 1335 2120; baseline 0 -26"><span class='ocrx_word' id='word_1_99' title='bbox 338 2026 489 2115; x_wconf 87' lang='lat' dir='ltr'>Quant</span> <span class='ocrx_word' id='word_1_100' title='bbox 478 2051 497 2094; x_wconf 87' lang='lat' dir='ltr'>a</span> <span class='ocrx_word' id='word_1_101' title='bbox 518 2023 730 2120; x_wconf 84' lang='lat' dir='ltr'>l’obligation</span> <span class='ocrx_word' id='word_1_102' title='bbox 752 2025 794 2093; x_wconf 90' lang='lat' dir='ltr'>de</span> <span class='ocrx_word' id='word_1_103' title='bbox 809 2039 925 2120; x_wconf 89' lang='lat' dir='ltr'>porter</span> <span class='ocrx_word' id='word_1_104' title='bbox 947 2051 965 2095; x_wconf 93' lang='lat' dir='ltr'>a</span> <span class='ocrx_word' id='word_1_105' title='bbox 988 2023 1018 2094; x_wconf 92' lang='lat' dir='ltr'>la</span> <span class='ocrx_word' id='word_1_106' title='bbox 1040 2049 1335 2096; x_wconf 80' lang='lat' dir='ltr'>connaissance</span> <span class='ocrx_word' id='word_1_107' title='bbox 1302 2025 1335 2094; x_wconf 91' lang='lat' dir='ltr'>d</span> 
     </span>
    </p>

    <p class='ocr_par' dir='ltr' id='par_1_4' title="bbox 291 2138 1338 2934">
     <span class='ocr_line' id='line_1_15' title="bbox 293 2138 1335 2269; baseline -0.003 -59"><span class='ocrx_word' id='word_1_108' title='bbox 293 2141 395 2210; x_wconf 90' lang='lat' dir='ltr'>saint·</span> <span class='ocrx_word' id='word_1_109' title='bbox 380 2140 485 2236; x_wconf 82' lang='lat' dir='ltr'>-sie&#39;ge</span> <span class='ocrx_word' id='word_1_110' title='bbox 500 2139 547 2208; x_wconf 90' lang='lat' dir='ltr'>les</span> <span class='ocrx_word' id='word_1_111' title='bbox 564 2165 681 2210; x_wconf 86' lang='lat' dir='ltr'><strong>causes</strong></span> <span class='ocrx_word' id='word_1_112' title='bbox 696 2140 880 2269; x_wconf 81' lang='lat' dir='ltr'>majeures‚</span> <span class='ocrx_word' id='word_1_113' title='bbox 898 2165 975 2210; x_wconf 93' lang='lat' dir='ltr'>sous</span> <span class='ocrx_word' id='word_1_114' title='bbox 992 2138 1145 2235; x_wconf 75' lang='lat' dir='ltr'>pretexte</span> <span class='ocrx_word' id='word_1_115' title='bbox 1161 2141 1204 2211; x_wconf 89' lang='lat' dir='ltr'>de</span> <span class='ocrx_word' id='word_1_116' title='bbox 1219 2154 1335 2238; x_wconf 83' lang='lat' dir='ltr'>respect</span> 
     </span>
     <span class='ocr_line' id='line_1_16' title="bbox 292 2254 1333 2353; baseline 0.002 -28"><span class='ocrx_word' id='word_1_117' title='bbox 292 2281 402 2352; x_wconf 92' lang='lat' dir='ltr'>pour</span> <span class='ocrx_word' id='word_1_118' title='bbox 399 2254 430 2325; x_wconf 96' lang='lat' dir='ltr'>le</span> <span class='ocrx_word' id='word_1_119' title='bbox 454 2255 584 2351; x_wconf 88' lang='lat' dir='ltr'>pontife</span> <span class='ocrx_word' id='word_1_120' title='bbox 608 2257 757 2343; x_wconf 88' lang='lat' dir='ltr'>romain,</span> <span class='ocrx_word' id='word_1_121' title='bbox 782 2271 815 2327; x_wconf 90' lang='lat' dir='ltr'>et</span> <span class='ocrx_word' id='word_1_122' title='bbox 836 2281 924 2351; x_wconf 93' lang='lat' dir='ltr'>pour</span> <span class='ocrx_word' id='word_1_123' title='bbox 944 2282 987 2324; x_wconf 91' lang='lat' dir='ltr'>ne</span> <span class='ocrx_word' id='word_1_124' title='bbox 1007 2257 1103 2352; x_wconf 91' lang='lat' dir='ltr'>point</span> <span class='ocrx_word' id='word_1_125' title='bbox 1128 2255 1159 2326; x_wconf 93' lang='lat' dir='ltr'>le</span> <span class='ocrx_word' id='word_1_126' title='bbox 1181 2257 1333 2353; x_wconf 83' lang='lat' dir='ltr'>fatiguer,</span> 
     </span>
     <span class='ocr_line' id='line_1_17' title="bbox 292 2370 1336 2469; baseline -0.003 -26"><span class='ocrx_word' id='word_1_127' title='bbox 292 2373 314 2443; x_wconf 92' lang='lat' dir='ltr'>il</span> <span class='ocrx_word' id='word_1_128' title='bbox 340 2373 482 2468; x_wconf 72' lang='lat' dir='ltr'>pretend</span> <span class='ocrx_word' id='word_1_129' title='bbox 505 2371 560 2467; x_wconf 93' lang='lat' dir='ltr'>qu</span> <span class='ocrx_word' id='word_1_130' title='bbox 563 2397 607 2440; x_wconf 91' lang='lat' dir='ltr'>on</span> <span class='ocrx_word' id='word_1_131' title='bbox 635 2398 678 2440; x_wconf 90' lang='lat' dir='ltr'>ne</span> <span class='ocrx_word' id='word_1_132' title='bbox 705 2370 775 2440; x_wconf 92' lang='lat' dir='ltr'>doit</span> <span class='ocrx_word' id='word_1_133' title='bbox 799 2385 914 2466; x_wconf 85' lang='lat' dir='ltr'>parter</span> <span class='ocrx_word' id='word_1_134' title='bbox 938 2373 955 2440; x_wconf 78' lang='lat' dir='ltr'>lt</span> <span class='ocrx_word' id='word_1_135' title='bbox 978 2397 1015 2442; x_wconf 94' lang='lat' dir='ltr'>ce</span> <span class='ocrx_word' id='word_1_136' title='bbox 1038 2372 1188 2443; x_wconf 84' lang='lat' dir='ltr'>tribunal</span> <span class='ocrx_word' id='word_1_137' title='bbox 1216 2399 1279 2469; x_wconf 92' lang='lat' dir='ltr'>que</span> <span class='ocrx_word' id='word_1_138' title='bbox 1300 2371 1336 2442; x_wconf 87' lang='lat' dir='ltr'>les</span> 
     </span>
     <span class='ocr_line' id='line_1_18' title="bbox 292 2486 1336 2584; baseline -0.004 -24"><span class='ocrx_word' id='word_1_139' title='bbox 292 2514 406 2560; x_wconf 80' lang='lat' dir='ltr'><strong>causes</strong></span> <span class='ocrx_word' id='word_1_140' title='bbox 435 2503 512 2558; x_wconf 90' lang='lat' dir='ltr'>tout</span> <span class='ocrx_word' id='word_1_141' title='bbox 536 2513 555 2558; x_wconf 90' lang='lat' dir='ltr'>a</span> <span class='ocrx_word' id='word_1_142' title='bbox 576 2487 637 2557; x_wconf 81' lang='lat' dir='ltr'>fait</span> <span class='ocrx_word' id='word_1_143' title='bbox 661 2486 815 2557; x_wconf 88' lang='lat' dir='ltr'>difficiles</span> <span class='ocrx_word' id='word_1_144' title='bbox 838 2503 872 2557; x_wconf 91' lang='lat' dir='ltr'>et</span> <span class='ocrx_word' id='word_1_145' title='bbox 894 2515 952 2558; x_wconf 92' lang='lat' dir='ltr'>sur</span> <span class='ocrx_word' id='word_1_146' title='bbox 974 2489 1151 2584; x_wconf 81' lang='lat' dir='ltr'>lesquelles</span> <span class='ocrx_word' id='word_1_147' title='bbox 1169 2488 1201 2559; x_wconf 91' lang='lat' dir='ltr'>le</span> <span class='ocrx_word' id='word_1_148' title='bbox 1218 2488 1336 2560; x_wconf 90' lang='lat' dir='ltr'>concile</span> 
     </span>
     <span class='ocr_line' id='line_1_19' title="bbox 291 2605 1337 2704; baseline -0.002 -26"><span class='ocrx_word' id='word_1_149' title='bbox 291 2605 480 2704; x_wconf 89' lang='lat' dir='ltr'>provincial</span> <span class='ocrx_word' id='word_1_150' title='bbox 503 2629 537 2676; x_wconf 92' lang='lat' dir='ltr'>se</span> <span class='ocrx_word' id='word_1_151' title='bbox 563 2606 755 2675; x_wconf 84' lang='lat' dir='ltr'>trouverait</span> <span class='ocrx_word' id='word_1_152' title='bbox 778 2607 1005 2695; x_wconf 74' lang='lat' dir='ltr'>embarrass63</span> <span class='ocrx_word' id='word_1_153' title='bbox 1029 2620 1063 2676; x_wconf 91' lang='lat' dir='ltr'>et</span> <span class='ocrx_word' id='word_1_154' title='bbox 1085 2606 1108 2676; x_wconf 90' lang='lat' dir='ltr'>il</span> <span class='ocrx_word' id='word_1_155' title='bbox 1129 2631 1173 2676; x_wconf 92' lang='lat' dir='ltr'>ne</span> <span class='ocrx_word' id='word_1_156' title='bbox 1192 2624 1260 2678; x_wconf 92' lang='lat' dir='ltr'>met</span> <span class='ocrx_word' id='word_1_157' title='bbox 1285 2633 1337 2702; x_wconf 84' lang='lat' dir='ltr'>pas</span> 
     </span>
     <span class='ocr_line' id='line_1_20' title="bbox 291 2722 1338 2820; baseline -0.003 -24"><span class='ocrx_word' id='word_1_158' title='bbox 291 2751 335 2796; x_wconf 89' lang='lat' dir='ltr'>au</span> <span class='ocrx_word' id='word_1_159' title='bbox 354 2722 501 2793; x_wconf 78' lang='lat' dir='ltr'>nombre</span> <span class='ocrx_word' id='word_1_160' title='bbox 520 2723 578 2792; x_wconf 88' lang='lat' dir='ltr'>des</span> <span class='ocrx_word' id='word_1_161' title='bbox 598 2747 715 2792; x_wconf 86' lang='lat' dir='ltr'>causes</span> <span class='ocrx_word' id='word_1_162' title='bbox 733 2723 898 2816; x_wconf 84' lang='lat' dir='ltr'>majeures</span> <span class='ocrx_word' id='word_1_163' title='bbox 919 2722 965 2793; x_wconf 90' lang='lat' dir='ltr'>les</span> <span class='ocrx_word' id='word_1_164' title='bbox 986 2739 1160 2794; x_wconf 85' lang='lat' dir='ltr'>sentences</span> <span class='ocrx_word' id='word_1_165' title='bbox 1184 2725 1227 2795; x_wconf 91' lang='lat' dir='ltr'>de</span> <span class='ocrx_word' id='word_1_166' title='bbox 1247 2725 1338 2820; x_wconf 81' lang='lat' dir='ltr'>depo-</span> 
     </span>
     <span class='ocr_line' id='line_1_21' title="bbox 291 2837 988 2934; baseline -0.004 -23"><span class='ocrx_word' id='word_1_167' title='bbox 291 2842 390 2912; x_wconf 91' lang='lat' dir='ltr'>sltion</span> <span class='ocrx_word' id='word_1_168' title='bbox 407 2853 527 2909; x_wconf 81' lang='lat' dir='ltr'>contre</span> <span class='ocrx_word' id='word_1_169' title='bbox 544 2837 590 2907; x_wconf 86' lang='lat' dir='ltr'>les</span> <span class='ocrx_word' id='word_1_170' title='bbox 607 2839 751 2932; x_wconf 60' lang='lat' dir='ltr'>&amp;seques</span> <span class='ocrx_word' id='word_1_171' title='bbox 771 2838 988 2934; x_wconf 84' lang='lat' dir='ltr'>suffragants.</span> 
     </span>
    </p>

    <p class='ocr_par' dir='ltr' id='par_1_5' title="bbox 287 2953 1388 4328">
     <span class='ocr_line' id='line_1_22' title="bbox 340 2953 1335 3050; baseline 0.006 -30"><span class='ocrx_word' id='word_1_172' title='bbox 340 2979 357 3020; x_wconf 81' lang='lat' dir='ltr'>&lt;t</span> <span class='ocrx_word' id='word_1_173' title='bbox 373 2955 477 3026; x_wconf 79' lang='lat' dir='ltr'>Absit</span> <span class='ocrx_word' id='word_1_174' title='bbox 496 2979 515 3024; x_wconf 83' lang='lat' dir='ltr'>a</span> <span class='ocrx_word' id='word_1_175' title='bbox 538 2954 636 3024; x_wconf 90' lang='lat' dir='ltr'>nobis</span> <span class='ocrx_word' id='word_1_176' title='bbox 657 2969 696 3022; x_wconf 91' lang='lat' dir='ltr'>ut</span> <span class='ocrx_word' id='word_1_177' title='bbox 715 2953 930 3050; x_wconf 81' lang='lat' dir='ltr'>privilegium</span> <span class='ocrx_word' id='word_1_178' title='bbox 950 2954 1066 3050; x_wconf 88' lang='lat' dir='ltr'>primae</span> <span class='ocrx_word' id='word_1_179' title='bbox 1081 2971 1115 3025; x_wconf 88' lang='lat' dir='ltr'>et</span> <span class='ocrx_word' id='word_1_180' title='bbox 1139 2982 1277 3028; x_wconf 77' lang='lat' dir='ltr'>summae</span> <span class='ocrx_word' id='word_1_181' title='bbox 1295 2979 1335 3026; x_wconf 86' lang='lat' dir='ltr'>se·</span> 
     </span>
     <span class='ocr_line' id='line_1_23' title="bbox 291 3067 1334 3168; baseline -0.002 -29"><span class='ocrx_word' id='word_1_182' title='bbox 291 3071 342 3139; x_wconf 82' lang='lat' dir='ltr'>‹lis</span> <span class='ocrx_word' id='word_1_183' title='bbox 374 3085 501 3138; x_wconf 90' lang='lat' dir='ltr'>sanctae</span> <span class='ocrx_word' id='word_1_184' title='bbox 533 3093 681 3139; x_wconf 73' lang='lat' dir='ltr'>romanae</span> <span class='ocrx_word' id='word_1_185' title='bbox 705 3067 860 3138; x_wconf 77' lang='lat' dir='ltr'>Ecclesiae</span> <span class='ocrx_word' id='word_1_186' title='bbox 886 3069 1055 3164; x_wconf 81' lang='lat' dir='ltr'>pontilicis</span> <span class='ocrx_word' id='word_1_187' title='bbox 1085 3072 1216 3166; x_wconf 80' lang='lat' dir='ltr'>prosis</span> <span class='ocrx_word' id='word_1_188' title='bbox 1241 3075 1334 3168; x_wconf 85' lang='lat' dir='ltr'>parvo</span> 
     </span>
     <span class='ocr_line' id='line_1_24' title="bbox 292 3182 1333 3284; baseline -0.001 -30"><span class='ocrx_word' id='word_1_189' title='bbox 292 3182 502 3281; x_wconf 88' lang='lat' dir='ltr'>pendamus,</span> <span class='ocrx_word' id='word_1_190' title='bbox 530 3200 569 3252; x_wconf 91' lang='lat' dir='ltr'>ut</span> <span class='ocrx_word' id='word_1_191' title='bbox 593 3187 844 3255; x_wconf 80' lang='lat' dir='ltr'>controversias</span> <span class='ocrx_word' id='word_1_192' title='bbox 870 3201 903 3255; x_wconf 87' lang='lat' dir='ltr'>ct</span> <span class='ocrx_word' id='word_1_193' title='bbox 928 3187 1040 3282; x_wconf 82' lang='lat' dir='ltr'>jurgia</span> <span class='ocrx_word' id='word_1_194' title='bbox 1068 3199 1137 3256; x_wconf 84' lang='lat' dir='ltr'>tam</span> <span class='ocrx_word' id='word_1_195' title='bbox 1166 3187 1333 3284; x_wconf 90' lang='lat' dir='ltr'>superioris</span> 
     </span>
     <span class='ocr_line' id='line_1_25' title="bbox 288 3299 1334 3398; baseline 0.001 -28.002"><span class='ocrx_word' id='word_1_196' title='bbox 288 3324 392 3398; x_wconf 88' lang='lat' dir='ltr'>quam</span> <span class='ocrx_word' id='word_1_197' title='bbox 412 3299 512 3369; x_wconf 89' lang='lat' dir='ltr'>etiam</span> <span class='ocrx_word' id='word_1_198' title='bbox 531 3300 699 3372; x_wconf 87' lang='lat' dir='ltr'>inferioris</span> <span class='ocrx_word' id='word_1_199' title='bbox 715 3301 843 3371; x_wconf 85' lang='lat' dir='ltr'>ordinis</span> <span class='ocrx_word' id='word_1_200' title='bbox 862 3299 951 3398; x_wconf 80' lang='lat' dir='ltr'>(quae</span> <span class='ocrx_word' id='word_1_201' title='bbox 970 3303 1098 3374; x_wconf 91' lang='lat' dir='ltr'>Nicaeni</span> <span class='ocrx_word' id='word_1_202' title='bbox 1117 3319 1151 3373; x_wconf 88' lang='lat' dir='ltr'>et</span> <span class='ocrx_word' id='word_1_203' title='bbox 1164 3306 1272 3374; x_wconf 89' lang='lat' dir='ltr'>caeteri</span> <span class='ocrx_word' id='word_1_204' title='bbox 1291 3325 1334 3372; x_wconf 79' lang='lat' dir='ltr'>sc</span> 
     </span>
     <span class='ocr_line' id='line_1_26' title="bbox 289 3416 1332 3516; baseline -0.001 -28"><span class='ocrx_word' id='word_1_205' title='bbox 289 3439 425 3488; x_wconf 86' lang='lat' dir='ltr'>crorum</span> <span class='ocrx_word' id='word_1_206' title='bbox 449 3416 672 3488; x_wconf 89' lang='lat' dir='ltr'>conciliorum</span> <span class='ocrx_word' id='word_1_207' title='bbox 693 3443 859 3507; x_wconf 84' lang='lat' dir='ltr'>canones,</span> <span class='ocrx_word' id='word_1_208' title='bbox 878 3433 912 3488; x_wconf 89' lang='lat' dir='ltr'>et</span> <span class='ocrx_word' id='word_1_209' title='bbox 931 3420 1122 3495; x_wconf 82' lang='lat' dir='ltr'>innocentii</span> <span class='ocrx_word' id='word_1_210' title='bbox 1144 3435 1245 3516; x_wconf 87' lang='lat' dir='ltr'>atque</span> <span class='ocrx_word' id='word_1_211' title='bbox 1261 3419 1332 3489; x_wconf 86' lang='lat' dir='ltr'>alio</span> 
     </span>
     <span class='ocr_line' id='line_1_27' title="bbox 289 3533 1333 3633; baseline -0.001 -31"><span class='ocrx_word' id='word_1_212' title='bbox 289 3557 364 3604; x_wconf 89' lang='lat' dir='ltr'>rum</span> <span class='ocrx_word' id='word_1_213' title='bbox 383 3548 509 3604; x_wconf 84' lang='lat' dir='ltr'>sanctae</span> <span class='ocrx_word' id='word_1_214' title='bbox 524 3557 672 3603; x_wconf 84' lang='lat' dir='ltr'>romanae</span> <span class='ocrx_word' id='word_1_215' title='bbox 687 3533 773 3602; x_wconf 87' lang='lat' dir='ltr'>sedis</span> <span class='ocrx_word' id='word_1_216' title='bbox 793 3535 994 3630; x_wconf 82' lang='lat' dir='ltr'>pontificum</span> <span class='ocrx_word' id='word_1_217' title='bbox 1007 3535 1169 3606; x_wconf 80' lang='lat' dir='ltr'>decreta</span> <span class='ocrx_word' id='word_1_218' title='bbox 1161 3563 1195 3606; x_wconf 82' lang='lat' dir='ltr'>tn</span> <span class='ocrx_word' id='word_1_219' title='bbox 1212 3534 1333 3633; x_wconf 79' lang='lat' dir='ltr'>synodis</span> 
     </span>
     <span class='ocr_line' id='line_1_28' title="bbox 287 3647 1331 3748; baseline -0.001 -30"><span class='ocrx_word' id='word_1_220' title='bbox 287 3647 549 3746; x_wconf 87' lang='lat' dir='ltr'>provincialibus</span> <span class='ocrx_word' id='word_1_221' title='bbox 578 3675 597 3718; x_wconf 87' lang='lat' dir='ltr'>a</span> <span class='ocrx_word' id='word_1_222' title='bbox 626 3649 897 3746; x_wconf 84' lang='lat' dir='ltr'>metropolitanis</span> <span class='ocrx_word' id='word_1_223' title='bbox 927 3653 1127 3748; x_wconf 81' lang='lat' dir='ltr'>praecipiunt</span> <span class='ocrx_word' id='word_1_224' title='bbox 1155 3649 1331 3744; x_wconf 78' lang='lat' dir='ltr'>terminari)</span> 
     </span>
     <span class='ocr_line' id='line_1_29' title="bbox 287 3766 1330 3864; baseline -0.002 -29"><span class='ocrx_word' id='word_1_225' title='bbox 287 3766 329 3836; x_wconf 89' lang='lat' dir='ltr'>ad</span> <span class='ocrx_word' id='word_1_226' title='bbox 349 3779 495 3838; x_wconf 84' lang='lat' dir='ltr'>vestram</span> <span class='ocrx_word' id='word_1_227' title='bbox 512 3791 677 3836; x_wconf 84' lang='lat' dir='ltr'>summam</span> <span class='ocrx_word' id='word_1_228' title='bbox 692 3793 755 3838; x_wconf 81' lang='lat' dir='ltr'>aut</span> <span class='ocrx_word' id='word_1_229' title='bbox 759 3783 928 3838; x_wconf 81' lang='lat' dir='ltr'>toritatem</span> <span class='ocrx_word' id='word_1_230' title='bbox 946 3768 1153 3864; x_wconf 82' lang='lat' dir='ltr'>fatigandam</span> <span class='ocrx_word' id='word_1_231' title='bbox 1173 3767 1330 3838; x_wconf 88' lang='lat' dir='ltr'>ducamus.</span> 
     </span>
     <span class='ocr_line' id='line_1_30' title="bbox 289 3880 1331 3976; baseline -0.005 -23"><span class='ocrx_word' id='word_1_232' title='bbox 289 3884 370 3953; x_wconf 80' lang='lat' dir='ltr'>At</span> <span class='ocrx_word' id='word_1_233' title='bbox 347 3905 374 3952; x_wconf 78' lang='lat' dir='ltr'>sl</span> <span class='ocrx_word' id='word_1_234' title='bbox 397 3881 485 3952; x_wconf 80' lang='lat' dir='ltr'>forto</span> <span class='ocrx_word' id='word_1_235' title='bbox 499 3880 540 3950; x_wconf 91' lang='lat' dir='ltr'>de</span> <span class='ocrx_word' id='word_1_236' title='bbox 560 3882 724 3976; x_wconf 88' lang='lat' dir='ltr'>episcopis</span> <span class='ocrx_word' id='word_1_237' title='bbox 744 3907 844 3952; x_wconf 88' lang='lat' dir='ltr'>causa</span> <span class='ocrx_word' id='word_1_238' title='bbox 862 3899 939 3952; x_wconf 84' lang='lat' dir='ltr'>nata</span> <span class='ocrx_word' id='word_1_239' title='bbox 958 3883 1075 3972; x_wconf 85' lang='lat' dir='ltr'>fuerit,</span> <span class='ocrx_word' id='word_1_240' title='bbox 1099 3884 1189 3954; x_wconf 90' lang='lat' dir='ltr'>unde</span> <span class='ocrx_word' id='word_1_241' title='bbox 1203 3897 1289 3953; x_wconf 83' lang='lat' dir='ltr'>certa</span> <span class='ocrx_word' id='word_1_242' title='bbox 1305 3893 1331 3948; x_wconf 90' lang='lat' dir='ltr'>et</span> 
     </span>
     <span class='ocr_line' id='line_1_31' title="bbox 288 3995 1331 4094; baseline -0.003 -29"><span class='ocrx_word' id='word_1_243' title='bbox 288 4019 443 4091; x_wconf 81' lang='lat' dir='ltr'>expressa</span> <span class='ocrx_word' id='word_1_244' title='bbox 467 3997 502 4065; x_wconf 90' lang='lat' dir='ltr'>in</span> <span class='ocrx_word' id='word_1_245' title='bbox 521 3999 622 4066; x_wconf 81' lang='lat' dir='ltr'>sacris</span> <span class='ocrx_word' id='word_1_246' title='bbox 647 3996 772 4092; x_wconf 86' lang='lat' dir='ltr'>regulis</span> <span class='ocrx_word' id='word_1_247' title='bbox 792 4023 861 4067; x_wconf 92' lang='lat' dir='ltr'>non</span> <span class='ocrx_word' id='word_1_248' title='bbox 884 4000 1067 4068; x_wconf 80' lang='lat' dir='ltr'>habeamus</span> <span class='ocrx_word' id='word_1_249' title='bbox 1082 3999 1228 4094; x_wconf 85' lang='lat' dir='ltr'>judicia,</span> <span class='ocrx_word' id='word_1_250' title='bbox 1246 4013 1277 4066; x_wconf 89' lang='lat' dir='ltr'>et</span> <span class='ocrx_word' id='word_1_251' title='bbox 1294 3995 1331 4064; x_wconf 89' lang='lat' dir='ltr'>ob</span> 
     </span>
     <span class='ocr_line' id='line_1_32' title="bbox 289 4095 1388 4211; baseline -0.003 -30"><span class='ocrx_word' id='word_1_252' title='bbox 289 4112 353 4181; x_wconf 94' lang='lat' dir='ltr'>id</span> <span class='ocrx_word' id='word_1_253' title='bbox 346 4137 380 4181; x_wconf 89' lang='grc' dir='ltr'>ιιι</span> <span class='ocrx_word' id='word_1_254' title='bbox 399 4113 599 4209; x_wconf 80' lang='lat' dir='ltr'>provinciali</span> <span class='ocrx_word' id='word_1_255' title='bbox 618 4113 699 4182; x_wconf 91' lang='lat' dir='ltr'>vel</span> <span class='ocrx_word' id='word_1_256' title='bbox 692 4139 726 4182; x_wconf 89' lang='grc' dir='ltr'>ιιι</span> <span class='ocrx_word' id='word_1_257' title='bbox 746 4113 1024 4211; x_wconf 83' lang='lat' dir='ltr'>comprovinciali</span> <span class='ocrx_word' id='word_1_258' title='bbox 1045 4129 1192 4210; x_wconf 83' lang='lat' dir='ltr'>nequeat</span> <span class='ocrx_word' id='word_1_259' title='bbox 1216 4115 1249 4184; x_wconf 89' lang='lat' dir='ltr'>in</span> <span class='ocrx_word' id='word_1_260' title='bbox 1265 4133 1329 4181; x_wconf 82' lang='lat' dir='ltr'>era·</span> <span class='ocrx_word' id='word_1_261' title='bbox 1387 4095 1388 4186; x_wconf 82' lang='lat' dir='ltr'>l</span> 
     </span>
     <span class='ocr_line' id='line_1_33' title="bbox 292 4225 1328 4328; baseline -0.001 -32"><span class='ocrx_word' id='word_1_262' title='bbox 292 4229 381 4297; x_wconf 90' lang='lat' dir='ltr'>mine</span> <span class='ocrx_word' id='word_1_263' title='bbox 402 4227 562 4318; x_wconf 85' lang='lat' dir='ltr'>diffiniri,</span> <span class='ocrx_word' id='word_1_264' title='bbox 582 4229 624 4300; x_wconf 85' lang='lat' dir='ltr'>ad</span> <span class='ocrx_word' id='word_1_265' title='bbox 643 4229 801 4301; x_wconf 82' lang='lat' dir='ltr'>divinum</span> <span class='ocrx_word' id='word_1_266' title='bbox 814 4231 1008 4320; x_wconf 85' lang='lat' dir='ltr'>oraculum,</span> <span class='ocrx_word' id='word_1_267' title='bbox 1030 4233 1063 4302; x_wconf 79' lang='lat' dir='ltr'>td</span> <span class='ocrx_word' id='word_1_268' title='bbox 1083 4247 1155 4322; x_wconf 86' lang='lat' dir='ltr'>est,</span> <span class='ocrx_word' id='word_1_269' title='bbox 1181 4225 1328 4328; x_wconf 87' lang='lat' dir='ltr'>apostoli·</span> 
     </span>
    </p>
   </div>
   <div class='ocr_carea' id='block_1_3' title="bbox 0 0 1408 5026">
    <p class='ocr_par' dir='ltr' id='par_1_6' title="bbox 0 0 1408 5026">
     <span class='ocr_line' id='line_1_34' title="bbox 0 0 1408 5026; baseline 0 2"><span class='ocrx_word' id='word_1_270' title='bbox 0 0 1408 5026; x_wconf 95' lang='lat' dir='ltr'> </span> 
     </span>
    </p>
   </div>
  </div>
 </body>
</html>
