2804 5022
308 440 379 521 '²40
485 425 487 430 ’
657 439 849 506 rnorsrlrnu
876 449 1013 507 rsnrtn.

287 615 323 662 ,ιι
341 589 437 672 bere,
453 585 545 656 velut
565 611 656 656 nunc
672 585 787 657 retulit
805 605 915 659 vestra
932 588 1088 676 dileetio,
1112 591 1201 686 quod
1220 617 1271 686 per
1289 607 1329 665 to·

307 717 415 772 «turn
442 703 608 773 mundum
631 705 733 798 possit
762 705 922 775 omnibus
948 704 1094 798 eeclesiis
1123 709 1156 776 in
1176 731 1332 782 commune

308 820 511 916 «prodesse.
535 821 633 894 Fiant
658 821 748 890 enim
773 845 917 892 necesse·
934 837 983 892 est
1002 823 1184 910 cautiores,
1203 849 1275 892 cum
1289 823 1333 892 in·

307 965 324 1002 ιι
340 951 495 1007 ventores
514 933 680 1007 mulorum
696 938 740 1008 ad
754 936 898 1034 duplicis
916 937 1114 1010 relationem
1128 939 1259 1037 synodi,
1270 965 1333 1010 sen·

308 1053 454 1122 utentiae
480 1067 602 1123 nostrae
627 1057 762 1125 statutis
786 1053 932 1124 viderint
951 1056 994 1125 ab
1017 1055 1236 1128 ecclesiastica
1253 1079 1335 1126 oom-

308 1169 501 1240 «munione
519 1171 699 1264 sejunctos.
716 1173 863 1242 Gemino
880 1173 986 1267 igitur
1002 1173 1095 1242 hono
1110 1174 1228 1244 caritas
1243 1185 1334 1242 vestra

308 1285 511 1382 «fungetur.
535 1289 621 1359 Nam
640 1303 673 1358 et
692 1313 859 1358 canonum
875 1291 1050 1385 potiemini
1078 1293 1185 1386 gratio
1208 1302 1336 1360 servato·

308 1435 324 1470 ι
339 1430 426 1492 rurn,
445 1418 479 1473 et
500 1403 666 1474 beneficio
687 1419 798 1475 vestro
817 1407 1014 1476 totusorhis
1030 1421 1186 1480 utetur.»

355 1521 383 1594 Il
404 1525 547 1618 irnporte
560 1521 602 1591 de
626 1546 820 1617 remarquer
838 1522 1116 1619 principalement
1131 1523 1214 1594 dans
1229 1547 1264 1592 ce
1277 1543 1335 1615 pus-

305 1665 384 1736 sage
399 1637 446 1709 les
460 1639 572 1735 points
592 1638 746 1708 suivaots
761 1665 768 1707 :

362 1755 397 1826 1⁰
419 1761 465 1826 La
489 1751 617 1852 dignito
639 1753 849 1850 apostolique
870 1754 1082 1850 (dest-{rdine
1106 1755 1136 1827 le
1156 1751 1337 1848 saint-siege,

308 1873 495 1971 apostolici
511 1867 678 1966 honores)
700 1895 720 1941 a
740 1870 771 1941 la
796 1872 921 1968 charge
947 1873 988 1942 de
1014 1889 1126 1944 toutes
1147 1873 1195 1944 les
1218 1871 1338 1966 e'glises,

306 1979 503 2062 sollicitudo
516 1989 670 2057 omnium
681 1985 925 2059 ecclesiarum.
940 1989 979 2058 ιο
990 1992 1053 2059 Les
1063 1991 1206 2085 estques
1220 1989 1262 2057 du
1275 2009 1340 2055 con·

308 2108 373 2178 cile
392 2106 433 2176 de
451 2103 591 2194 Mittve,
620 2129 661 2172 en
695 2103 888 2174 consultant
912 2131 1043 2176 comme
1072 2105 1112 2176 ils
1147 2107 1293 2176 fuisaient
1316 2099 1339 2166 le

307 2223 528 2318 saint-siege,
552 2221 764 2290 observaient
792 2219 839 2290 les
861 2247 1012 2320 canons,
1031 2223 1223 2319 potiemini
1235 2217 1339 2320 gratio

307 2351 522 2410 ,remotorum
535 2359 735 2421 cononum
755 2333 794 2404 ils
806 2361 842 2406 se
853 2337 1099 2408 conformuieot
1113 2339 1132 2407 t
1149 2335 1179 2407 la
1193 2333 1279 2429 segle
1291 2357 1340 2401 an·

310 2456 431 2528 cienne
448 2455 506 2549 qui
526 2479 544 2523 a
562 2449 614 2521 ete
633 2452 739 2521 suivie
758 2450 917 2550 tonjours.
931 2467 965 2522 et
984 2452 1067 2524 dans
1086 2469 1163 2524 tout
1179 2451 1338 2530 l'unt'rern

307 2573 420 2644 secuti
417 2571 580 2669 sormam
588 2567 997 2666 nntt'quoereguloethm
1006 2561 1341 2667 totosemperoborbe

308 2710 447 2759 mecum
464 2686 577 2755 nostis
591 2699 864 2753 esseseruatam.
886 2680 925 2752 3⁰
938 2685 995 2753 Du
1012 2685 1214 2779 saint-siege,
1229 2701 1340 2752 comme

308 2803 407 2888 d'une
427 2826 556 2888 source,
574 2797 788 2870 decoulnient
800 2825 876 2869 sans
890 2826 980 2870 cesse
997 2801 1055 2870 des
1072 2801 1239 2872 decisions
1249 2814 1280 2868 et
1295 2795 1341 2864 des

309 2923 469 3017 repouses
487 2940 576 3014 pour
597 2930 707 2986 tontes
732 2914 777 2986 les
802 2917 992 3012 provinces.
1017 2917 1057 3004 ΔΟ
1077 2917 1222 2988 Surtout
1244 2907 1341 3010 quand

308 3035 338 3106 lo
359 3037 404 3107 foi
427 3034 508 3105 tuit
522 3030 695 3120 menacee,
711 3047 786 3102 tous
801 3031 847 3102 les
860 3035 1002 3128 &seques
1015 3059 1049 3104 se
1062 3034 1221 3106 faisaient
1237 3057 1280 3102 un
1298 3029 1342 3097 de-

308 3152 383 3220 voir
401 3150 441 3219 de
461 3149 613 3218 reeourir
626 3172 669 3217 au
685 3171 879 3217 successeur
895 3148 936 3217 de
958 3150 1091 3236 Pierre,
1113 3148 1268 3220 arbitror
1281 3167 1343 3216 onz-

309 3293 372 3338 nes
387 3267 614 3362 coepiscopos
625 3287 695 3332 uon
709 3263 781 3332 nisi
792 3261 844 3332 ad
851 3267 996 3334 Petrum
1006 3263 1138 3357 referre
1150 3263 1282 3335 debere.
1292 3261 1343 3327 Ces

269 3383 272 3388 ’
308 3382 424 3454 lettres
441 3381 640 3462 tl'lnnocent
658 3381 709 3466 1²¹,
725 3378 828 3474 qu'on
849 3395 1007 3476 rapporte
1024 3382 1043 3449 ἐι
1059 3405 1126 3475 peu
1146 3381 1224 3478 pres
1243 3379 1262 3448 lt
1282 3376 1343 3445 l’an·

309 3498 371 3570 nee
399 3497 491 3586 416,
514 3523 548 3566 se
567 3510 726 3566 trouvent
746 3495 851 3590 parmi
881 3494 980 3565 celles
1002 3494 1042 3564 de
1061 3496 1153 3566 saint
1178 3491 1342 3591 Augustin,

305 3618 386 3689 'sous
407 3613 452 3685 les
471 3611 630 3683 nurne'ros
657 3611 714 3682 181
740 3625 774 3680 et
798 3611 878 3696 182,
901 3625 925 3680 t.
946 3615 988 3699 ΙΙ,
1007 3637 1043 3707 p.
1064 3609 1150 3682 635.

356 3735 471 3803 Pierre
488 3732 529 3800 de
548 3733 665 3800 Marcu
684 3726 825 3796 n’he'site
844 3752 904 3824 pas
923 3727 1259 3823 irreconnaltreque,
1275 3723 1344 3793 dans

308 3875 362 3920 ces
381 3846 511 3935 lettres,
537 3845 566 3916 le
580 3845 643 3915 hut
657 3844 701 3913 du
723 3868 810 3939 pape
825 3845 993 3916 Innocent
1003 3847 1041 3913 Γ*
1056 3859 1125 3914 est:
1143 3873 1160 3908 ι
1176 3845 1225 3912 Ut
1242 3841 1344 3910 doceat

311 3997 328 4032 «
347 3966 519 4059 antiquam
538 3987 608 4032 esse
630 3958 784 4054 regulum
806 3974 840 4029 et
859 3983 1025 4030 canonem
1051 3975 1090 4029 ut
1112 3960 1154 4056 tle
1179 3960 1277 4028 robus
1294 3953 1344 4022 du·

311 4115 327 4148 ι
344 4084 421 4171 biis,
441 4082 626 4176 praesertim
646 4078 673 4146 si
693 4075 812 4145 deiide
830 4091 969 4172 agatur,
984 4101 1025 4146 ex
1043 4074 1202 4144 omnibus
1220 4069 1344 4170 proriu-

312 4231 328 4265 «ι
345 4203 403 4270 ciis
436 4198 477 4268 ud
504 4201 690 4267 Romanam
712 4191 893 4264 Ecclesiam
923 4194 1106 4280 referatur,
1135 4206 1176 4262 ut
1204 4215 1277 4287 qnae
1301 4209 1344 4253 se·
