2910 5038
172 429 177 440 ’
272 444 493 516 ordunrrous
511 468 561 546 uu
581 467 736 520 coneus
757 468 878 533 mov„
896 466 971 516 erc.
1079 437 1149 520 523

108 601 286 684 «tanquam
301 589 544 663 abominabiles
561 593 696 688 nuptias
708 593 857 688 judicat,
875 609 909 665 et
924 617 992 664 non
1011 607 1150 688 propter

106 705 193 775 «hoc
225 705 332 778 solum
365 709 456 802 quotl
487 711 706 782 continentiae
735 725 769 780 et
790 711 993 805 virginitatis
1020 709 1150 778 bouum

105 838 277 894 «sanetum
298 825 510 920 propositum
536 841 603 913 est,
631 825 811 904 anathema
841 828 896 896 sit.
913 826 1060 922 »(Βίεῑ.
1084 806 1163 910 30(

103 961 128 1006 0·
147 933 201 1034 5.)
281 1001 297 1034 t

145 1056 206 1126 «si
229 1056 304 1150 quio
324 1057 459 1152 nuptias
485 1058 519 1126 in
548 1059 796 1128 accusationem
815 1057 949 1128 duxerit
975 1073 1007 1126 et
1030 1056 1149 1129 mulie·

101 1196 116 1232 u
129 1194 195 1238 rem
219 1171 352 1242 fidelem
375 1197 414 1243 ac
436 1172 628 1269 religiosam
649 1199 725 1246 curn
746 1175 818 1244 viro
841 1200 903 1244 suo
924 1174 1148 1273 dormientem

99 1287 384 1360 «abominandam
404 1290 587 1360 crediderit
605 1305 665 1360 aut
683 1293 783 1375 etiam
808 1289 1047 1377 accusandam,
1076 1305 1148 1360 tnn-

97 1431 112 1464 «
126 1429 226 1498 quarn
246 1431 315 1476 uon
348 1431 444 1500 posse
463 1401 662 1503 conjugatos
682 1409 715 1476 in
737 1433 878 1502 reguum
905 1408 970 1476 Dei
994 1405 1146 1502 ingredi,

96 1521 302 1594 «anathem
322 1523 412 1592 sit.»
434 1521 560 1618 (thiu,
580 1549 610 1594 e.
631 1526 708 1619 ια.)

140 1638 206 1712 «Si
225 1639 305 1732 quis
323 1663 459 1708 earnem
476 1639 735 1710 manducantem
754 1665 794 1709 ex
812 1639 878 1711 lide
893 1664 971 1709 eum
988 1618 1148 1733 religione

94 1768 245 1846 «praeter
269 1755 469 1848 sanguinem
489 1770 523 1824 et
543 1754 635 1825 idolo
658 1754 867 1826 immolatum
891 1769 925 1824 et
945 1742 1148 1826 suffocatum

92 1871 305 1946 «crediderit
336 1871 648 1960 condemnandum,
677 1887 837 1967 tanquam
870 1898 964 1967 spem
991 1896 1058 1940 non
1087 1870 1147 1952 ha-

91 1985 264 2058 abentem
287 1988 345 2082 qui
376 2013 449 2058 eam
465 1989 675 2076 manducat,
704 1989 882 2060 anathema
911 1989 999 2058 sit.»
1023 1986 1146 2082 (Ibid,

90 2102 218 2200 c.13.)

133 2223 201 2292 «si
227 2221 309 2317 quis
327 2219 543 2316 dereliquerit
568 2221 726 2317 proprios
745 2219 831 2292 filios
849 2247 928 2292 suos
949 2239 984 2292 et
1002 2247 1072 2292 non
1092 2245 1150 2289 eos
1189 2277 1193 2289 t

88 2335 244 2420 «aluerit
264 2351 299 2406 et
320 2337 412 2431 quod
434 2337 567 2430 pietatis
584 2353 634 2409 est
652 2338 837 2410 necessaria
863 2363 931 2408 non
951 2337 1150 2434 prebuerit,

87 2456 173 2524 «sed
196 2455 269 2526 sub
288 2454 464 2525 occasione
485 2455 703 2530 continentiae
723 2453 939 2548 negligendos
959 2453 1149 2548 putaverit,

84 2573 302 2656 «anathema
318 2571 374 2640 sit.
393 2599 410 2634 s
424 2569 557 2666 (ibid,
575 2595 606 2639 e.
633 2568 712 2664 14.)

131 2716 148 2751 <t
165 2692 251 2762 litec
266 2701 380 2756 autem
399 2685 594 2780 scripsimus
612 2711 680 2756 non
700 2684 933 2765 abscindentes
957 2709 1014 2755 eos
1037 2685 1094 2778 qui
1116 2685 1149 2756 iu

81 2829 97 2864 n
111 2803 274 2874 Ecclesia
287 2804 349 2872 Dei
364 2802 550 2874 secundum
566 2805 758 2897 Scripturas
769 2817 923 2872 sanctum
936 2802 1150 2898 propositum

81 2919 340 2990 «continentiae
366 2917 513 3014 eligunt,
536 2917 593 2988 sed
618 2919 757 3013 eosqui
780 2919 971 3014 suscipiunt
996 2917 1150 2986 habitum

81 3037 211 3130 «ejus,
243 3049 282 3106 et
315 3035 349 3106 in
377 3033 569 3129 superbiam
602 3033 796 3104 efferuntur
822 3033 981 3104 adversus
1008 3032 1150 3126 eosqui

79 3153 311 3250 «simplicius
328 3153 459 3222 vivunt.
478 3181 495 3216 u
519 3150 650 3245 (lbid.,
669 3176 699 3220 c.
722 3149 800 3246 16.)

72 3284 75 3288 ’
128 3272 308 3344 L'auteur
329 3270 396 3340 eut
422 3268 511 3346 a-t-il
532 3293 573 3340 eu
595 3268 686 3340 droit
708 3267 928 3354 deconclure
948 3267 990 3339 de
1011 3293 1066 3338 ces
1091 3268 1150 3338 dd·

76 3407 170 3465 erets
183 3413 263 3486 que
275 3387 322 3461 les
335 3387 508 3482 questions
522 3385 564 3456 de
578 3383 610 3456 la
627 3385 673 3456 foi
690 3398 838 3479 peuveut
852 3387 923 3454 dtre
938 3383 1090 3454 dicidees
1109 3410 1150 3452 en

74 3510 263 3604 premiere
283 3505 434 3574 instance
447 3527 507 3597 par
523 3499 571 3574 les
588 3500 735 3572 conciles
747 3499 960 3594 particuliers
972 3500 986 3568 l
1000 3504 1095 3574 Nous
1111 3524 1152 3568 oe

75 3623 106 3694 le
126 3645 294 3720 pensons
312 3645 384 3714 pas.
1144 3633 1145 3640 ’

123 3747 198 3816 Les
214 3735 371 3812 correiles
394 3733 605 3832 particuliers
623 3747 684 3812 ont
702 3736 855 3830 toujours
878 3759 924 3830 pu
948 3747 982 3803 et
1007 3747 1153 3828 peuveut

72 3883 210 3930 encore
231 3854 376 3948 frapper
395 3851 442 3922 les
456 3875 591 3922 erreurs
609 3851 668 3946 qui
684 3875 719 3920 se
737 3865 895 3922 trouvent
911 3848 986 3943 dejb
1003 3849 1154 3919 notoire-

71 3992 174 4052 urent
189 3969 430 4046 condamndes
446 3972 513 4040 soit
529 3993 590 4064 par
605 3967 637 4038 le
652 3982 741 4041 texte
759 3968 817 4038 des
828 3969 952 4036 saintes
968 3951 1152 4050 Eoritures‚

67 4095 140 4166 soit
160 4115 235 4188 par
253 4085 304 4156 les
316 4084 445 4162 decreto
464 4083 522 4158 des
539 4083 687 4156 coneiles
703 4082 971 4178 oecumdniques3
986 4080 1032 4154 les
1049 4105 1152 4154 enno·

68 4212 184 4282 nistes
201 4229 255 4278 ne
276 4201 306 4272 le
327 4215 516 4280 contestent
538 4225 607 4295 pas.
626 4199 713 4280 Mais
733 4226 771 4278 ce
786 4199 871 4276 u’est
890 4199 985 4296 point
1006 4198 1037 4274 u
1058 4197 1149 4272 de'ci-
