2910 5038
311 435 380 536 572
652 439 851 518 crnuurinre
877 455 1016 504 rtnrrrr.

309 589 326 624 '⁴
340 591 408 660 cito
432 587 621 681 anticipent
644 611 705 656 uos
730 584 965 656 misericordiae
983 601 1071 674 ture,
1094 587 1171 680 quia
1194 609 1335 682 pauperes

309 705 389 776 sacti
414 729 530 773 sumus
550 703 661 771 nimis.

358 819 492 916 Adjura
508 845 585 908 uos,
603 823 696 890 Deus
715 818 869 890 salutaris
890 817 1052 910 nostem*
1069 834 1103 890 et
1123 833 1257 915 propter
1274 817 1336 915 glo-
1428 843 1429 848 ¹

310 939 394 1006 riam
417 935 564 1004 numinis
585 933 647 1022 tui,
666 935 824 1024 Domine,
839 933 1041 1022 libera-nos:

358 1054 401 1120 Et
428 1051 595 1146 propitius
622 1065 695 1120 esto
725 1051 871 1146 peccatis
901 1053 1026 1121 uostris
1041 1050 1216 1149 *propter
1235 1073 1337 1118 nomen

310 1181 427 1246 tuum;

358 1287 410 1356 Ne
428 1283 518 1354 forte
534 1281 651 1352 dicant
666 1281 699 1351 in
715 1282 872 1378 gentibus
889 1279 928 1350 τ’
939 1282 1007 1352 Ubi
1022 1297 1072 1352 est
1087 1285 1181 1352 Deus
1196 1278 1323 1352 eorum?

358 1403 401 1469 Et
433 1401 622 1469 innotescat
655 1399 689 1468 in
721 1398 917 1468 nationibus
947 1423 1062 1468 coram
1095 1396 1203 1468 oculis
1239 1396 1342 1468 nostris

309 1513 326 1548 '⁴
343 1513 427 1585 ultio
445 1516 617 1609 sauguinis
631 1539 805 1584 servorum
821 1528 981 1604 tuorum,
1002 1514 1061 1608 qui
1076 1513 1206 1584 ellirsus
1224 1527 1282 1584 est.

358 1635 512 1702 Introeat
528 1634 562 1700 in
577 1646 761 1726 conspectu
779 1611 838 1700 tiro
854 1628 1029 1725 *gemitus
1047 1630 1318 1727 compeditorum.

355 1747 549 1818 Secundum
563 1746 834 1843 magnitudinem
854 1748 984 1817 brachii
999 1749 1070 1833 tui,
1088 1745 1105 1782 *
1129 1747 1261 1844 posside
1275 1744 1344 1816 filios

310 1863 591 1934 mortificatorum
605 1893 614 1954 3

358 1983 402 2049 Et
420 1978 525 2049 redde
541 1981 660 2049 vicinis
674 1980 795 2050 nostris
808 1977 999 2075 septuplum
1018 1981 1052 2048 in
1072 1980 1149 2050 sinu
1170 2005 1284 2052 eorum
1297 1979 1344 2047 im·
1428 1983 1429 2064 l

204 2171 206 2175 ,
311 2096 505 2190 properium
516 2093 1345 2192 ipsorum,*quodexprobraverunt'tibi,Domine.

360 2215 432 2283 Nos
452 2196 564 2280 autem
584 2211 731 2307 populus
751 2226 848 2308 tuus,
867 2227 900 2282 et
914 2237 994 2281 oves
1012 2237 1144 2308 pascuae
1162 2227 1240 2300 tuae,
1257 2209 1347 2280 lcun·

312 2326 485 2398 fitebimur
503 2328 565 2398 tibi
583 2330 617 2396 in
638 2327 800 2399 seculum.

360 2445 663 2540 ingenerationem
677 2442 1285 2541 etgenerationem*annuntiabimus
1295 2442 1348 2512 lau·

314 2560 390 2630 dem
417 2575 522 2630 tuam.
723 2555 726 2560 ⁸

761 2723 919 2791 Oramus.

314 2931 318 2940 ,
361 2865 564 2934 Nostrorum
582 2865 661 2953 tibi,
689 2865 848 2952 Domine,
871 2876 1048 2932 curvantes
1066 2887 1181 2957 genua
1202 2862 1347 2946 cordium,

314 3003 514 3072 quaesumus,
529 2993 568 3047 ut
581 2979 707 3049 bonum
723 2979 816 3072 quod
831 2981 866 3047 in
885 2978 983 3048 nobis
1002 3003 1021 3048 a
1041 2993 1073 3046 te
1089 2980 1277 3072 requiritur
1288 3001 1348 3044 ere·
1428 3035 1429 3072 r

315 3119 459 3186 quamur
474 3121 481 3164 :
498 3093 641 3182 scilicet,
662 3111 700 3165 ut
721 3111 879 3190 prompta
902 3111 1014 3164 tecum
1035 3093 1266 3165 sollicitudine
1283 3117 1348 3190 gra-
1428 3079 1429 3090 l

316 3209 463 3295 dientes,
483 3209 696 3280 discretionis
719 3211 833 3282 arduae
850 3208 972 3280 subtile
996 3211 1163 3304 judicium
1187 3213 1349 3290 faciamus;

316 3325 822 3421 acmisericordiarndiligentes,
834 3325 1021 3396 clareamus
1033 3327 1153 3396 studiis
1165 3329 1228 3420 tibi
1239 3327 1350 3424 placita

317 3441 477 3530 actionis3
494 3447 558 3513 Per
573 3445 747 3513 Christum
765 3444 959 3524 Dominum
972 3458 1137 3514 nostrum.
1154 3447 1206 3541 td.
1222 3449 1326 3514 Amen.
1428 3459 1429 3472 ¹

758 3595 922 3664 Oramus.

367 3725 541 3794 Mentibus
552 3726 689 3816 nostris,
702 3751 906 3821 quaesurnus,
918 3713 1087 3815 Domine,'
1097 3728 1261 3823 Spiritum
1275 3713 1350 3796 sanc
1410 3713 1429 3805 ,ἵ

318 3856 389 3911 tum
411 3843 575 3935 benignus
602 3841 743 3912 infunde
769 3870 777 3911 :
802 3857 980 3938 quatenus.
996 3844 1032 3912 in
1063 3845 1203 3913 nomine
1225 3858 1281 3912 tuo
1297 3837 1350 3909 col·
1428 3829 1429 3906 ἶ

318 3943 417 4045 lecti,
437 3959 483 4026 sic
506 3959 538 4026 in
555 3960 685 4028 cunctis
706 3973 879 4030 teueamus
894 3985 971 4045 curn
986 3959 1218 4029 moderamine
1236 3954 1350 4054 pietatis
1428 3971 1429 4050 t

316 4075 498 4167 justitiam,
523 4090 560 4143 ut
580 4075 636 4146 hic
657 4101 676 4145 a
700 4092 733 4146 te
754 4076 788 4145 in
809 4074 903 4146 nullo
920 4075 1094 4146 dissentiat
1114 4075 1268 4146 voluntas
1290 4095 1350 4142 nos
1373 4165 1375 4170 Ι
1428 4063 1429 4080 ’

321 4204 391 4276 tra3
414 4189 470 4257 sed
493 4215 623 4283 semper
645 4188 858 4260 rationabilia
878 4191 1100 4282 meditantes,
1120 4217 1195 4285 quae
1213 4191 1270 4261 tibi
1281 4194 1348 4256 'sunt
