2804 5022
192 474 346 522 coneris
364 469 467 518 onor.
483 471 553 523 ean
571 470 732 522 asrronr
749 471 797 524 au
813 472 841 518 s.
854 452 964 520 sires.
1041 449 1116 546 ²49

3 573 5 614 l
77 598 206 697 dieques
223 601 266 671 de
284 598 316 670 la
332 597 554 694 provincede
575 601 717 672 Vienne.
741 600 840 672 Volci
858 598 1018 695 quelques
1035 625 1113 697 pas·
1180 603 1187 615 ¹

77 743 160 812 sagas
171 717 214 788 de
227 741 266 786 ce
287 717 571 808 monument,qui
591 739 626 786 se
646 731 765 788 trouve
779 715 912 796 dansla
931 715 1109 790 collection

75 832 278 904 deSirmond
294 831 340 928 (t.
358 833 386 918 l,
403 855 488 926 page
510 830 580 919 80;
599 831 704 921 Paris,
730 830 845 929 1629)
867 861 877 907 r

116 975 132 1012 a
158 949 293 1018 Divinae
309 945 439 1016 cultum
463 944 633 1041 religionis
649 971 751 1040 quem
771 948 804 1016 in
822 971 939 1018 omnes
956 961 1112 1042 gentes...

76 1092 89 1126 a
106 1064 167 1134 Dei
186 1060 297 1134 voluit
314 1063 421 1158 gratia
437 1086 626 1152 coruscare,
643 1063 689 1134 ita
702 1063 873 1134 Dominus
889 1077 1003 1134 noster
1014 1068 1111 1136 lesus

75 1208 89 1243 a
106 1180 302 1251 Christus...
321 1179 479 1268 instituit,
495 1193 535 1250 ut
549 1179 671 1250 veritas
686 1204 762 1273 quar
774 1193 875 1250 antea
889 1178 971 1278 legis
985 1195 1019 1250 et
1034 1205 1112 1276 pro-

75 1297 284 1392 aphetarum
311 1296 480 1391 praeconio
508 1297 772 1384 continebatur,
804 1319 862 1390 per
889 1295 1109 1391 apostolicam

2 1453 3 1506 γ
75 1441 89 1474 ι
105 1413 272 1484 tubamin
286 1410 426 1482 salutem
441 1412 666 1484 universitatis
678 1413 829 1484 exiret...
844 1411 910 1482 Sed
923 1411 1023 1506 hujus
1040 1437 1112 1484 mu·

2 1565 3 1576 ¹
74 1529 194 1600 rueris
226 1543 475 1600 sacramentum
505 1529 552 1598 ita
580 1529 747 1600 Dominus
776 1527 820 1598 ad
847 1528 998 1600 omnium
1021 1552 1109 1625 apo-

75 1644 273 1716 «stolorum
293 1644 445 1718 officium
464 1646 633 1740 pertinere
653 1643 779 1735 voluit,
806 1659 845 1715 ut
862 1645 897 1714 in
915 1643 1119 1716 beatissimo

1 1841 2 1848 χ
74 1768 233 1851 «Petro,
261 1760 491 1857 apostolorum
523 1761 674 1832 omniurn
697 1785 857 1847 summo,
884 1759 1116 1857 principaliter

73 1879 304 1967 «collocarem
323 1893 425 1972 atque
443 1879 486 1948 ab
507 1878 592 1975 ipso,
604 1879 700 1972 quasi
724 1875 871 1971 quodam
889 1877 1010 1971 capite,
1025 1876 1116 1950 dono

73 2025 89 2062 a
107 2022 165 2068 sua
178 1994 282 2066 vellet
295 1996 329 2064 in
340 2019 464 2090 eorpus
477 2019 578 2064 omne
591 2017 748 2082 manare3
764 2009 802 2064 ut
812 2008 963 2066 exortem
979 2019 1014 2064 se
1029 2019 1116 2090 mys·

73 2140 87 2176 a
109 2111 186 2182 terii
207 2107 411 2202 intelligeret
432 2133 504 2180 asse
523 2107 627 2179 divini
648 2109 707 2202 qui
725 2133 827 2179 ausus
845 2107 963 2178 suisset
988 2109 1118 2178 aPetri·

74 2227 283 2298 «soliditate
312 2226 533 2315 recedere...;
566 2240 603 2294 ut
629 2225 746 2294 aeterui
771 2224 946 2296 edificatio
970 2222 1110 2321 templi,

75 2373 88 2408 a
108 2343 254 2416 mirabili
269 2367 409 2414 munere
425 2343 540 2438 gratiae
556 2342 632 2426 Dei,
651 2343 686 2410 in
700 2343 791 2411 Petri
804 2340 973 2412 soliditate
987 2345 1115 2414 consis-

74 2490 87 2534 (ι
108 2476 229 2532 teret...
249 2463 377 2530 Verum
398 2459 485 2530 banc
504 2461 610 2532 Petrae
627 2458 723 2527 istius
739 2457 1114 2531 sacratissimamfirmi-

3 2557 4 2560 Ἴ
75 2606 89 2642 α
107 2593 236 2648 tatem..
255 2576 356 2646 nimis
374 2575 478 2671 impia
499 2573 572 2644 vult
594 2575 856 2669 presumptione
879 2570 1005 2644 violare
1020 2574 1111 2668 quis·

75 2722 90 2760 a
111 2696 185 2788 quis
209 2694 283 2788 ejus
308 2705 506 2786 potestatem
539 2703 647 2760 tentat
669 2688 899 2784 infringere...
925 2689 1119 2762 Nobiscum

77 2839 92 2876 a
108 2811 220 2906 itaque
238 2823 346 2894 vostra¹
370 2807 561 2878 fraternitas
583 2818 801 2901 recognoscat
817 2803 1036 2900 apostolicam
1057 2831 1108 2879 se·

77 2955 92 2992 a
111 2925 205 3014 dem,
233 2951 296 3021 pro
324 2926 376 2994 sui
393 2922 609 3010 reverentia,
634 2938 789 2994 avestrae
809 2922 912 2994 etiam
929 2923 1109 3017 provincia

76 3040 337 3112 «sacerdotibus
358 3041 543 3110 innumeris
566 3035 786 3110 relationibus
810 3062 880 3108 esse
903 3038 1113 3128 consultam,

78 3192 92 3224 a
108 3173 138 3228 et
157 3183 220 3254 per
239 3157 468 3244 diuersarum,
482 3153 768 3250 quemadmodum
794 3168 888 3224 vetus
905 3156 1114 3227 consuetudo

80 3276 275 3371 aposoebat,
297 3272 554 3369 appellationem
577 3297 753 3344 causarum
777 3287 836 3343 aut
858 3286 1035 3344 retractata
1056 3288 1117 3344 aut

80 3419 95 3456 a
111 3393 307 3464 confirmata
320 3391 424 3462 fuisse
433 3389 599 3484 judicia...
613 3387 680 3458 Sed
694 3388 786 3458 bunc
797 3392 968 3462 tramitem
983 3414 1116 3486 semper

80 3507 194 3578 «inter
223 3506 368 3599 majores
392 3519 525 3576 nostros
554 3519 588 3574 et
610 3505 697 3576 bene
721 3520 849 3578 tentum
874 3520 908 3576 et
936 3504 1117 3576 salubriter

83 3650 95 3686 a
113 3626 350 3706 coustitutum,
364 3621 530 3709 Hilarius,
547 3621 764 3694 ecclesiarum
780 3638 904 3693 statum
922 3638 955 3693 et
973 3613 1116 3692 contor-

82 3739 193 3810 «diam
218 3738 430 3808 sacerdotum
454 3739 549 3808 uovis
567 3738 884 3834 praesumptionibus
899 3740 1115 3830 turbaturus,

83 3857 268 3942 nescessit3
285 3856 331 3924 ita
352 3880 420 3926 suae
440 3880 498 3924 vos
516 3856 653 3951 cupiens
675 3855 818 3925 subdere
837 3858 1011 3950 potestati,
1029 3873 1067 3926 ut
1080 3883 1116 3928 se

83 3972 206 4044 «beato
227 3969 382 4066 apostolo
399 3975 498 4042 Petro
522 3997 588 4042 non
606 3973 757 4067 patiatur
774 3997 847 4042 esse
863 3972 1116 4069 subjeceritis...

82 4113 97 4146 a
117 4087 216 4183 ipsius
230 4112 370 4182 quoque
378 4087 560 4156 beatissimi
574 4087 664 4159 Petri
676 4089 896 4158 reverentiam
910 4089 1019 4160 verbis
1030 4113 1119 4160 arro

84 4201 531 4296 «gratioribusminuendm
544 4204 600 4274 cui
610 4227 687 4274 cum
702 4205 905 4299 precatoris
918 4203 1068 4278 solvendi
1080 4222 1114 4278 et
