2836 5024
219 519 417 568 rensouttsss
436 519 649 572 contrusam
668 527 709 572 LE
725 525 896 592 CONCUAE,
913 529 995 576 ETC·
1078 503 1142 605 137

104 645 165 716 dit:
181 679 197 714 u
213 650 358 720 Abbates
373 665 441 720 tarn
462 651 630 747 regulares
645 680 746 748 quarn
766 657 1072 728 commendatarios
1092 657 1143 728 in-

81 781 84 790 ⁴
105 764 225 833 «vitari
245 767 381 860 quidem
403 768 446 836 ad
469 769 637 861 synodum
654 771 906 864 provincialem.
928 804 945 838 a

143 881 276 950 Concile
289 881 329 949 de
344 883 519 952 Bordraux
531 883 571 953 de
589 883 681 958 1583
694 912 701 954 :
715 916 733 950 a
750 887 899 958 Abbates
912 903 981 960 tam
992 887 1142 961 titulares

105 1020 228 1090 «quam
260 1000 537 1068 commendatarii
570 1000 856 1098 ecclesiarumque
887 1003 1142 1100 collegiatarum

104 1141 117 1176 a
132 1128 365 1207 procuratores
378 1139 441 1209 pro
457 1139 552 1184 more
564 1117 665 1210 liujus
678 1119 863 1214 provinciae
885 1120 995 1190 eidem
1014 1121 1142 1217 synodo

103 1243 288 1322 «poterunt
310 1230 479 1300 interesse.
500 1262 517 1297 a
540 1231 741 1328 (Odespun,
764 1259 797 1329 p.
820 1233 929 1331 317.)

138 1345 274 1414 Concile
294 1344 336 1415 de
355 1345 528 1418 Toulouse
550 1349 592 1417 de
619 1346 727 1446 1590:
747 1353 913 1420 «Omnes
934 1367 967 1420 et
989 1353 1140 1450 singulos

102 1462 421 1532 «reverendissimos
444 1463 599 1534 dominos
616 1466 793 1562 episcopos
816 1494 1013 1556 monemus,
1037 1469 1142 1539 abba-

101 1591 172 1646 «tes
189 1604 296 1668 vero,
313 1579 461 1673 capitula
480 1595 514 1650 et
536 1599 774 1675 procuratores
788 1581 1029 1654 cathedralium
1051 1585 1140 1654 iuvi-

101 1709 234 1764 utamus
249 1711 291 1764 ut
309 1720 350 1764 eo
373 1696 444 1784 die,
460 1713 550 1766 etc...
568 1726 585 1761 n
606 1696 805 1792 (Odespun,
825 1725 859 1794 p.
881 1695 982 1792 552.)

138 1811 279 1882 Concile
294 1810 336 1881 de
351 1813 533 1881 Narbonne
548 1813 589 1882 de
610 1811 701 1910 1609
718 1839 725 1882 :
746 1843 763 1878 a
779 1813 968 1884 statuimus
987 1827 1024 1884 ut
1040 1814 1140 1884 tertio

8 1957 9 1960 ¹
101 1953 265 2022 «quoqne
283 1953 375 1997 anno
394 1927 609 2024 provincialis
628 1929 775 2024 synodus
795 1945 1019 2019 convocetur3
1039 1956 1141 2024 qnam

100 2067 164 2111 rex
195 2069 291 2113 nunc
321 2043 363 2112 ad
394 2044 483 2113 diem
515 2044 755 2114 duodecimum
777 2047 856 2115 maii
891 2047 970 2116 anni
1000 2048 1140 2115 Domini

100 2187 113 2220 «
133 2157 219 2230 1612
243 2158 446 2245 indicimus3
468 2162 523 2230 cui
545 2163 705 2231 interesse
729 2163 936 2233 tenebuntur
950 2189 1066 2231 omnes
1081 2161 1142 2232 do·

100 2301 114 2336 n
128 2277 206 2345 mini
222 2277 372 2372 episcopi
386 2277 609 2372 suffraganei,
624 2277 674 2346 vel
690 2302 807 2347 eorum
823 2278 937 2348 vicarii
952 2277 1137 2374 generales,

99 2389 264 2462 «abbates
283 2392 527 2486 cujuscumque
546 2391 693 2480 ordinis,
718 2418 904 2487 omnesque
925 2395 1042 2489 primae
1065 2407 1143 2487 post

99 2507 323 2603 aepiscopum
342 2507 524 2602 dignitates
543 2507 772 2598 ecclesiarum,
796 2509 1063 2606 metropolitanae
1083 2534 1140 2577 ca-

8 2699 9 2711 ,
100 2621 330 2692 «thedralium
353 2639 388 2692 et
412 2649 530 2693 eurum
546 2623 711 2719 capitula,
731 2625 819 2694 sicut
836 2639 871 2693 et
888 2623 1140 2720 collegiatarum

8 2742 9 2746 ’
99 2763 183 2833 «per
201 2740 401 2834 deputatos3
430 2742 558 2839 priores
591 2739 784 2810 claustrales
811 2739 1081 2834 jurisdictionem
1106 2741 1141 2808 in

98 2881 201 2927 rsuos
216 2859 405 2927 monachos
420 2873 454 2928 et
472 2860 676 2928 monasteria
688 2861 760 2928 sine
773 2857 844 2928 ullo
863 2859 985 2928 abbate
1004 2873 1064 2928 aut
1077 2857 1143 2926 de-

99 2973 310 3066 tpendentia
337 2973 520 3062 habentes3
547 2990 581 3043 et
602 2973 668 3043 hoc
696 2976 759 3045 sub
789 3001 890 3072 poena
917 2973 1144 3044 excommuni-

100 3114 114 3148 a
129 3089 272 3159 cationis
286 3116 294 3158 :
308 3089 454 3184 capitula
468 3116 548 3159 vero
563 3092 845 3161 monasteriorum
857 3089 1062 3186 regularium
1082 3116 1143 3185 per

49 3189 52 3198 Ι
100 3227 247 3275 «eorum
264 3206 444 3302 deputatos
461 3205 631 3302 regulares
642 3205 686 3276 ad
698 3206 732 3277 id
746 3209 847 3277 etiam
858 3207 1064 3296 invitentur;
1081 3203 1144 3275 sal-

6 3391 7 3394 ,
101 3321 177 3389 «vis
195 3346 330 3415 semper
357 3323 508 3417 ipsorum
535 3323 824 3414 immunitatibus,
853 3323 1040 3419 dequibus
1062 3339 1144 3392 tunc

101 3461 116 3495 t<
131 3433 232 3505 fidem
247 3433 383 3505 faciant.
402 3467 419 3502 »

142 3553 190 3623 Ce
216 3578 354 3648 passage
374 3554 528 3648 pourrait
549 3541 665 3647 portet·
683 3554 701 3622 a
719 3553 878 3622 conclure
896 3578 961 3648 que
980 3551 1025 3622 les
1043 3555 1143 3624 Pieres
1244 3627 1248 3636 ⁸

100 3666 141 3737 du
165 3669 295 3740 concile
314 3669 356 3739 de
374 3671 560 3742 Narbonne
590 3695 632 3739 ne
655 3671 868 3766 regardaient
897 3695 956 3765 pas
977 3669 1023 3738 les
1041 3665 1143 3738 abbis

101 3765 224 3856 comme
246 3786 347 3855 libres
366 3787 408 3860 de
430 3814 473 3856 ne
492 3812 551 3883 pas
569 3787 704 3856 assister
727 3811 771 3856 au
790 3785 916 3880 synode
941 3781 1140 3885 provincial.

5 3955 6 3962 κ
104 3899 319 3988 Nianmoins,
338 3903 365 3972 si
388 3900 453 3971 l’on
473 3903 532 3972 fait
553 3905 719 3974 attention
736 3902 755 3970 ia
775 3900 804 3970 la
823 3900 934 3972 clause
959 3903 1144 3972 restrictiva

101 4015 203 4087 salvis
215 4043 355 4116 serrrper·
366 4020 520 4116 aprorum
533 4013 829 4108 irrationalitatibus,
850 4043 894 4086 on
910 4043 1006 4087 verra
1018 4043 1083 4112 que
1098 4016 1143 4088 les

4 4121 6 4142 ¹
103 4133 199 4203 abbe's
212 4152 245 4206 et
264 4133 311 4205 les
327 4149 439 4204 autres
461 4133 623 4232 reguliers
637 4133 721 4204 dorrt
736 4132 760 4204 il
779 4149 829 4204 est
848 4131 939 4230 parle'
957 4159 999 4204 eu
1014 4150 1067 4203 cet
1083 4161 1142 4205 en·

104 4245 206 4340 droit,
223 4251 377 4322 devaieut
399 4250 607 4343 seulement,
628 4251 712 4322 daus
734 4247 766 4320 la
787 4251 907 4349 pensae
928 4247 975 4322 du
994 4251 1142 4344 concile,
