2804 5022
280 463 359 551 aaa
630 467 824 535 rnorsrbmn
849 486 992 537 enarre.

286 616 490 685 condemnes
516 638 578 720 par
603 614 650 684 ies
674 616 819 686 concites
838 617 967 703 ariens,
987 641 1054 712 que
1083 615 1161 687 telle
1184 620 1263 688 duait
1286 617 1315 688 ln

281 733 505 832 prdmgative
521 730 564 802 de
580 717 728 830 ddglt'se
741 736 920 804 tamaius:

237 933 240 940 .
338 877 356 913 a
373 848 443 919 Ubi
455 871 534 918 cum
548 847 636 918 tutio
651 855 798 919 romanas
810 851 902 920 urbis
917 851 1074 946 episcopo
1093 870 1222 920 cansam
1232 868 1317 920 suum

288 993 308 1030 a
327 965 575 1060 exposuissent,
594 963 667 1053 itte,
687 989 761 1059 quae
776 980 826 1036 est
840 989 987 1036 romanae
1002 966 1156 1037 Ecclesia
1170 983 1317 1061 preroga·

292 1104 310 1146 u
329 1082 398 1149 tiva
407 1079 477 1175 (ἅτε
490 1063 638 1177 appropia
651 1092 706 1162 τῆς
721 1087 750 1152 ἐν
769 1068 869 1182 Ῥώμῃ
881 1085 1041 1164 ἐκκλησίας
1052 1085 1192 1180 ἐχούσης)
1204 1081 1319 1150 liberio-

287 1223 310 1259 s
327 1197 420 1266 ribus
434 1195 555 1266 litteris
568 1220 626 1266 eos
639 1199 906 1269 communitosin
917 1200 1094 1271 Orientem
1108 1199 1248 1286 remisit,
1261 1198 1319 1266 sin·

287 1339 306 1377 u
328 1312 415 1406 gulis
433 1309 545 1384 sedem
565 1333 658 1384 suam
673 1317 866 1386 restituens.
888 1345 905 1382 u
1180 1301 1185 1308 ⁸

335 1433 383 1498 Le
414 1430 540 1528 synode
566 1430 607 1498 de
635 1435 776 1526 Capoue
804 1432 894 1501 avait
920 1417 1106 1527 renroyea
1134 1429 1319 1527 Theophila,

286 1545 476 1639 patriarche
490 1544 741 1636 d’Alexandrie,
757 1546 787 1616 la
803 1571 901 1616 cause
915 1547 956 1616 de
976 1546 1130 1635 Flavien,
1151 1547 1320 1643 patriarche

284 1657 495 1730 tl’Antioche.
522 1663 618 1730 Saint
643 1662 822 1732 Ambroise
849 1663 1085 1732 recommends
1107 1665 1126 1733 a
1149 1659 1321 1757 Theophila

286 1777 361 1878 d’en'
380 1779 508 1848 referer
533 1794 577 1848 'au
601 1804 704 1876 pape,
726 1781 804 1850 etii
828 1781 874 1851 iui
897 1783 947 1851 dit
969 1781 1050 1876 qu’il
1077 1779 1237 1853 adherera
1259 1781 1322 1849 ace

285 1916 352 1987 que
368 1904 516 1964 statuera
535 1893 565 1964 le
584 1897 710 1990 synode
730 1895 981 1989 d'Aiexandrie,
996 1920 1129 1993 pourvu
1150 1923 1214 1993 que
1230 1896 1258 1965 le
1274 1895 1320 1987 ju·

286 2027 422 2104 gement
436 2011 476 2081 de
494 2038 532 2083 ce
546 2013 671 2108 synode
684 2015 748 2082 soit
762 2015 934 2109 approuve
947 2039 1009 2111 par
1028 1999 1162 2109 i'Eglise
1176 2012 1321 2083 romaine.

285 2129 385 2196 Voici
405 2153 443 2198 ce
459 2125 692 2223 remarquable
711 2145 871 2226 passage:

338 2274 354 2306 a
373 2247 460 2314 Sane
484 2227 696 2314 referendum
723 2245 926 2316 arbitramur
950 2247 993 2316 ad
1015 2262 1171 2316 sanctum
1201 2242 1323 2314 fratrem

289 2379 305 2422 a
327 2375 480 2429 nostrum
495 2385 641 2429 romanae
659 2360 866 2430 sacerdotem
880 2359 1052 2450 Ecclesiae3
1069 2363 1230 2456 quoniam
1249 2380 1322 2454 prae·

287 2477 485 2544 «sumimus
508 2502 546 2546 ea
570 2491 602 2546 te
614 2477 842 2570 judicaturum
867 2501 941 2571 quae
963 2477 1064 2546 etiam
1087 2475 1138 2544 iiii
1164 2473 1324 2571 displicere
1391 2535 1392 2554 2

289 2617 306 2654 a
327 2588 505 2686 nequeant.
523 2595 574 2662 Ita
589 2593 679 2661 enim
695 2591 778 2661 utile
798 2594 862 2662 erit
879 2591 1070 2662 consultum
1088 2593 1274 2678 sententiae,
1286 2592 1323 2658 ita

286 2733 305 2770 a
321 2709 412 2802 pacis
426 2722 460 2776 et
476 2709 599 2802 quietis
619 2709 796 2794 securitas,
820 2709 846 2775 si
870 2707 904 2776 id
920 2723 1029 2777 vestro
1045 2721 1216 2778 statuatur
1228 2704 1325 2777 consi·

286 2846 303 2885 u
322 2822 388 2909 iio,
405 2823 497 2917 quod
518 2824 750 2892 communioni
769 2837 891 2892 nostrae
910 2823 1148 2894 dissensionem
1169 2849 1237 2893 non
1252 2821 1324 2890 asse·-

287 2965 305 3000 κ
321 2951 394 3024 rat3
418 2953 456 3006 ut
480 2963 540 3008 nos
562 2962 698 3034 quoque
715 2939 854 3033 ‘accepta
874 2953 1063 3008 vestrorum
1086 2941 1172 3008 serie
1194 2950 1325 3007 statuto·

286 3078 304 3116 a
321 3075 410 3141 rum,
423 3071 499 3121 cum
515 3053 549 3122 id
565 3070 696 3148 gestum
708 3081 780 3124 esse
793 3056 1070 3148 cognoverimus,
1084 3054 1178 3149 quod
1189 3051 1324 3124 Ecclesia

286 3191 460 3238 «romana
480 3169 571 3239 haud
593 3171 694 3241 ditbie
714 3173 1001 3267 comprobaverit,
1022 3170 1088 3240 laeti
1105 3171 1254 3242 fructum
1272 3169 1326 3236 hu·

264 3337 266 3341 ,
287 3311 304 3348 a
317 3285 466 3378 jusmodi
483 3287 643 3356 examinis
654 3288 891 3382 adipiscamur.
906 3317 921 3352 u
934 3273 1086 3383 (Edition
1097 3287 1226 3381 Migne.
1241 3283 1326 3354 Saint

285 3399 402 3485 Ama,
416 3414 440 3470 t.
460 3403 526 3490 111,
548 3425 579 3497 p.
606 3404 813 3500 1172÷)(On
833 3418 914 3498 peut
930 3403 1005 3471 voir
1018 3428 1076 3472 sur
1092 3427 1129 3472 ce
1148 3417 1238 3473 texte
1256 3399 1325 3490 l'ap·

282 3515 478 3610 preciation·
492 3515 533 3586 ds
557 3515 642 3588 Chr.
667 3516 960 3609 Wolf,·Dictatus
983 3519 1017 3587 S.
1047 3520 1152 3613 Greg.
1181 3519 1267 3605 vll,
1289 3510 1325 3582 ad

284 3655 358 3702 cant
384 3634 458 3729 aa.)
929 3701 933 3716 ,
1236 3649 1242 3654 ’

330 3751 379 3818 Le
401 3747 532 3819 concile
554 3748 596 3818 de
614 3749 795 3844 Sardique,
821 3747 886 3819 l’an
905 3747 974 3847 347
986 3803 996 3835 ,
1019 3749 1158 3820 ecrivait
1185 3747 1268 3818 ainsi
1288 3765 1324 3814 aa

282 3887 368 3959 pape
384 3864 474 3934 Jules
493 3871 556 3937 1⁸2
672 3962 674 3966 Ι

290 4019 293 4026 ·
333 4009 350 4044 a
369 3984 442 4050 Hoc
456 3984 677 4078 optimumst
691 3984 789 4054 valde
809 3983 1148 4079 congruentissimum
1164 3976 1325 4076 judicabi-

288 4123 306 4166 a
325 4114 397 4184 tur,
419 4097 446 4166 si
466 4097 509 4167 ad
529 4113 650 4192 caput,
672 4100 776 4170 idest
796 4099 837 4168 ad
860 4101 952 4169 Petri
977 4099 1106 4189 sedem,
1126 4098 1168 4167 de
1193 4093 1324 4190 singulis

286 4216 513 4311 «quibusque
533 4216 716 4308 provinciis
746 4214 884 4286 Domini
914 4213 1283 4286 referant-sacerdotes.
1306 4235 1320 4271 s
