2910 5038
532 437 773 509 ctnn'nomsn.
966 432 968 436 ’
1106 433 1175 535 575

125 585 218 654 stica
239 601 273 656 et
286 585 381 674 aliis,
393 583 439 654 de
452 583 578 682 quibus
587 587 755 684 pontifici
764 583 950 658 uidebitur.
966 586 1103 658 Deinde
1112 614 1173 659 or-

126 699 357 773 cltidioconus
374 701 450 774 olto
470 727 560 773 uoce
581 701 666 802 legit
681 701 896 800 apostolicus
909 705 1173 777 constitutiones

125 813 178 886 ihi
189 828 260 888 'non
267 815 526 918 promulgatus,
542 815 608 889 vel
624 817 720 889 cleiis
733 843 804 916 pro
815 815 1006 914 pontificis
1018 817 1173 892 arbitrio.

127 935 205 1025 Quo
212 934 342 1026 finito,
357 931 520 1036 leguntur
536 936 802 1008 constitutiones
822 960 892 1032 per
915 934 1088 1027 synodum
1114 963 1174 1036 np-

118 1047 317 1146 probondoe
324 1078 336 1137 ;
345 1049 472 1149 quibus
483 1051 594 1143 lectis,
603 1051 728 1124 dubito
741 1049 922 1141 scrutinio,
932 1076 1013 1150 quoe
1014 1047 1174 1149 placent,

116 1183 327 1265 perpetres
345 1169 611 1261 confirmantur.
640 1171 707 1241 His
720 1170 900 1266 peractis,
915 1169 1086 1265 pontifex
1101 1195 1177 1243 sun

118 1307 211 1379 gens
239 1281 412 1356 benedicit
440 1281 603 1359 omnibus
626 1282 829 1359 solemniter
851 1299 890 1357 ut
914 1285 1004 1356 heri.
1036 1285 1173 1359 Deinde

122 1425 246 1471 omnes
261 1395 455 1473 discedunt.

168 1517 239 1588 Die
268 1517 385 1602 tertio,
418 1521 643 1589 conventione
665 1516 774 1614 sacto
802 1517 840 1587 in
862 1513 1032 1606 ccclesia,
1055 1515 1170 1609 finito

2 1701 3 1704 ,
122 1635 254 1723 misso,
272 1634 439 1731 pontifex
462 1652 615 1734 perotus
645 1652 687 1707 ut
712 1633 809 1720 deri,
833 1632 1082 1705 assistentibus
1104 1635 1177 1707 sibi

122 1749 273 1822 diacono
300 1768 336 1823 et
357 1750 573 1824 subdiocono
590 1755 753 1852 parutis,
765 1752 975 1851 genuflexus
1002 1753 1041 1822 in
1057 1749 1174 1844 fuldi-

122 1868 232 1938 storio
238 1866 352 1965 justo
365 1867 568 1965 infhnorem
585 1868 737 1968 gradum
762 1883 848 1940 onte
873 1861 1028 1938 medium
1044 1867 1173 1941 altoris

1 2042 2 2045 ,
121 1981 507 2083 sibiporoto‚deposito
515 1981 1172 2084 mitra,incipit,sodolaprosequcntc‚
1222 1999 1225 2005 '

1 2161 5 2203 3
121 2101 389 2198 antiphonam:

171 2235 303 2306 Exaudi
324 2238 574 2328 uos,Domine,
595 2235 756 2334 quoniam
780 2234 929 2332 benigna
959 2249 1010 2307 est
1037 2236 1167 2307 miseri-

120 2349 238 2423 cordia
256 2365 340 2422 tua:
358 2367 391 2423 et
418 2353 604 2424 secundum
628 2349 879 2423 multitudinem
909 2351 1168 2422 miserationum

0 2527 1 2530 ,
120 2477 258 2536 tuarum
269 2465 397 2563 respice
407 2469 650 2555 nos‚D01nine.

168 2618 321 2692 Pselmus
336 2617 395 2691 68.
414 2620 553 2692 Salvum
570 2646 623 2691 me
638 2619 703 2712 iac,
718 2623 825 2709 Deus,
845 2615 860 2649 *
878 2619 1041 2716 quoniam
1060 2615 1174 2690 intra·

117 2761 244 2817 verunt
260 2772 356 2844 aquae
372 2759 480 2844 usque
496 2743 703 2820 adenimam
723 2769 842 2816 meam.

168 2881 220 2948 Et
234 2876 364 2948 dicitur
384 2893 489 2970 totus,
503 2894 612 2975 prout
623 2876 774 2948 liabetur
788 2900 897 2974 supra
915 2880 954 2945 in
965 2875 1170 2974 primodie.

1 2997 3 3020 ¹
116 2992 258 3065 Deinde
274 2997 443 3091 repetitur
459 2993 669 3092 ortnpitonn.
680 2999 823 3094 Incepto
829 2991 989 3098 psalmo,
1003 2991 1172 3092 pontifex

1 3103 2 3108 ἵ
114 3109 231 3200 sedet,
248 3112 428 3210 ctoccrpit
446 3114 603 3200 mitram,
629 3114 682 3184 sic
704 3136 855 3182 monens
870 3097 1052 3210 quousque
1067 3107 1172 3209 psol·

114 3251 196 3297 mus
210 3227 372 3318 finiatur
392 3244 430 3298 et
452 3228 651 3326 antiphona
673 3211 874 3325 repetatur;
903 3252 977 3327 quo
1002 3227 1169 3324 repetito,

0 3357 1 3362 ’
114 3340 276 3440 deposita
287 3343 406 3436 mitro,
421 3348 533 3444 surgit
546 3361 581 3416 ct
598 3361 702 3418 stans
714 3369 843 3416 uersus
858 3343 910 3416 od
925 3343 1041 3415 altore
1059 3341 1167 3414 dicit:

559 3533 721 3601 Orernus.

171 3708 222 3778 Ad
248 3724 304 3800 te,
325 3712 485 3800 Domine,
517 3711 642 3781 interni
672 3709 834 3781 clamoris
867 3705 1008 3778 vocibus
1036 3703 1170 3801 procla·

114 3839 265 3916 mantes,
288 3827 493 3897 unanimiter
511 3827 745 3923 postulamus,
767 3841 808 3898 ut
831 3838 985 3921 respectu
1007 3837 1073 3892 tuae
1091 3845 1170 3918 gra-

113 3942 170 4012 tiae
198 3940 346 4034 solidati,
380 3967 550 4038 praecones
586 3943 736 4015 veritatis
772 3941 961 4012 efficiamur
996 3935 1170 4032 intrepidi,

114 4037 281 4154 tuumque
308 4057 478 4131 valeamus
506 4063 647 4132 verbum
670 4058 862 4132 cumomni
899 4053 1023 4126 fiducia
1048 4050 1164 4147 loqui;

114 4175 183 4248 Per
196 4175 437 4250 Dominum...
454 4200 492 4266 n.
510 4181 632 4252 Amen.
