2804 5022
231 481 234 486 .
284 415 353 491 258
630 421 822 500 securius
846 441 990 499 neuris.

283 569 376 642 rlica
393 569 549 666 aequitate
564 566 757 654 discutite...
774 568 809 639 Si
828 594 896 664 qua
913 593 994 638 voro
1014 569 1193 642 certamina
1209 569 1305 645 autde

280 685 475 782 «religione
501 685 578 756 fidei
605 683 710 780 (quod
734 687 828 756 Deus
846 685 1014 782 auferat),
1030 701 1090 758 aut
1119 686 1159 758 de
1179 685 1311 780 quolibet

281 805 453 898 «negotio
472 802 563 897 quod
588 802 636 872 ibi
656 827 717 896 pro
738 802 789 872 sui
814 803 1050 898 magnitudine
1072 803 1238 884 terminari
1255 827 1313 872 non

280 920 435 1014 «possit,
464 918 653 1006 evenerint,
678 919 780 989 totius
811 915 960 992 veritatis
992 918 1152 1014 indagine
1176 915 1313 1013 diligenti

281 1061 298 1096 a
314 1036 445 1103 ratione
462 1034 623 1119 discussa,
641 1031 813 1102 relationis
826 1033 868 1107 ad
883 1059 944 1104 nos
965 1035 1082 1107 seriem
1103 1035 1313 1116 destinantes,

279 1178 296 1213 <t
310 1148 500 1246 apostolicae
525 1149 594 1226 sedi
615 1148 828 1223 terminanda
848 1163 1021 1222 servate.»
1045 1149 1233 1243 (Sirmond‚
1253 1163 1273 1223 t.
1289 1152 1313 1234 l,

281 1291 367 1362 rrae
384 1265 487 1364 ψ)
899 1349 901 1353 .
1062 1361 1064 1366 ,

327 1383 376 1452 Le
394 1385 503 1454 meme
520 1407 607 1478 pape
621 1378 740 1452 e'crivit
754 1381 839 1454 ainsi
853 1407 919 1452 aux
938 1383 1081 1478 eseques
1103 1383 1161 1454 des
1180 1380 1316 1454 Gaules:

325 1528 341 1562 t<
357 1501 511 1570 Auxanio
527 1499 625 1571 fratri
644 1513 678 1568 et
700 1499 899 1594 coepiscopo
923 1513 1040 1571 nostro
1062 1499 1262 1572 Arelatensis
1279 1499 1318 1566 ei·

277 1642 294 1678 a
310 1611 427 1687 'vitatis
444 1614 599 1702 antistiti,
614 1614 703 1684 vices
720 1629 852 1685 nostras
869 1615 988 1686 caritas
1003 1629 1111 1684 vestra
1127 1640 1192 1685 nos
1206 1613 1321 1682 dedisse

278 1759 293 1794 α
308 1745 504 1826 cognoscat,
520 1745 559 1800 ut
570 1730 595 1798 si
610 1727 734 1826 aliqua,
745 1729 837 1824 quod
848 1730 1130 1814 absit‚emerserit
1143 1729 1320 1813 contentio,

280 1875 297 1911 a
313 1847 526 1942 congregatis
540 1845 587 1914 ibi
600 1836 762 1922 fratribus
775 1860 809 1917 et
823 1847 1029 1942 coepiscopis
1046 1848 1186 1936 nostris,
1196 1867 1321 1922 oausam

279 1965 474 2034 «canonica
489 1979 521 2032 et
538 1962 722 2058 apostolica
738 1964 929 2059 integritate
950 1963 1152 2052 discutiens,
1166 1965 1242 2032 Deo
1263 1958 1323 2060 pla·

276 2107 292 2142 «
308 2079 374 2151 cita
393 2080 551 2174 aequitate
567 2075 714 2149 definiat.
736 2079 977 2149 Contentioues
995 2103 1074 2148 vero
1093 2078 1121 2146 si
1144 2103 1232 2171 quae,
1250 2098 1325 2169 quas

276 2196 475 2265 «Dominus
497 2209 638 2284 avertat,
663 2195 699 2265 in
719 2194 796 2264 fidei
820 2220 920 2265 causa
944 2193 1173 2290 contigerint,
1190 2208 1250 2265 aut
1271 2189 1328 2259 tale

131 2369 135 2377 .
174 2382 180 2395 ,
274 2313 478 2382 «emerserit
495 2313 669 2406 negotium
684 2311 776 2404 quod
795 2337 856 2404 pro
877 2311 1109 2406 magnitudine
1125 2311 1182 2380 sui
1198 2322 1327 2406 aposto-

274 2456 291 2492 «
308 2424 380 2507 licae
396 2427 482 2504 sedis
501 2428 608 2522 magis
623 2425 753 2520 judicio
771 2425 892 2498 debeat
906 2427 1096 2514 terminari,
1116 2427 1164 2496 ad
1183 2441 1329 2497 nostram

260 2572 289 2636 ys
306 2544 453 2616 discussa
484 2546 626 2614 veritate
656 2542 804 2638 perferat
837 2543 909 2612 sine
936 2542 1097 2617 dilatione
1125 2546 1331 2617 notitiam.»

275 2658 392 2754 (Ibin,
407 2685 483 2756 pag.
512 2659 615 2756 272.)
857 2662 860 2667 ’
878 2751 880 2756 Α

324 2781 372 2848 Le
384 2779 493 2849 meme
504 2802 591 2872 pape
602 2775 741 2872 repeton
755 2775 928 2867 Aurdliern
938 2779 1332 2864 successeurd’Auxane,

274 2918 312 2968 ce
326 2889 408 2987 qu'il
426 2895 515 2964 avait
534 2894 618 2962 derit
633 2893 652 2962 a
669 2918 706 2962 ce
721 2892 855 2962 dernier
872 2893 1038 2968 touchant
1057 2893 1104 2964 les
1123 2895 1269 2968 affaires
1283 2896 1334 2962 im·

274 3023 449 3102 portantes
466 3007 547 3103 qu'il
565 3006 670 3089 fallait
688 3007 831 3082 laisserit
842 3009 872 3080 la
887 3009 1037 3081 decision
1056 3009 1102 3084 du
1118 3009 1334 3105 saint-siege,

273 3137 305 3190 et
323 3121 346 3192 il
364 3124 478 3218 ajoute
494 3151 510 3192 ς.
784 3201 786 3206 ,
943 3199 945 3206 Α
1387 3187 1388 3224 p

323 3269 339 3306 ι(
357 3243 406 3310 lta
434 3241 622 3311 decessores
650 3254 794 3328 vestros,
814 3241 873 3334 qui
901 3239 1111 3312 decessorum
1136 3261 1337 3318 nostrornm
1387 3245 1388 3300 l

270 3385 288 3420 α
304 3356 392 3426 vices
417 3359 523 3452 egisse
549 3371 797 3441 monstrantur,
815 3356 953 3456 fecisse2
973 3359 1148 3431 testimoni
1156 3389 1220 3432 um
1234 3359 1339 3432 nostri

267 3472 448 3542 «declarat
467 3475 598 3542 scrinii.
618 3503 634 3538 >2
659 3471 785 3567 (Ibin,
800 3498 877 3568 pag.
897 3475 996 3570 νῆά.)

317 3593 412 3663 Dans
434 3589 600 3676 lerescrit
617 3590 663 3660 du
684 3590 792 3659 meme
812 3591 933 3688 papea
956 3589 1105 3686 leveque
1123 3577 1339 3678 Eleuthere,

200 3747 202 3752 .
269 3731 316 3777 on
337 3707 377 3776 lit
393 3732 446 3776 ces
465 3723 575 3778 mots:
691 3704 694 3710 ’

317 3822 398 3892 «Ad
419 3827 604 3892 Romanam
627 3820 811 3892 Ecclesiam
837 3847 967 3892 summa
995 3824 1251 3920 episcoporum
1280 3851 1341 3897 ne-

264 3967 280 4002 «
297 3940 390 4033 gotia
404 3953 436 4008 et
451 3939 581 4033 judicia
600 3954 701 4034 atque
722 3937 869 4034 querelee
887 3940 982 4034 quasi
1001 3939 1045 4008 ad
1068 3961 1183 4036 caput
1206 3968 1343 4040 semper

264 4085 280 4120 r
297 4054 470 4127 referenda
488 4071 579 4132 sunt,
595 4085 612 4120 e
628 4054 725 4152 (Chr.
742 4053 847 4144 Wolf,
866 4069 948 4126 tom.
969 4059 1012 4144 V,
1029 4081 1106 4153 pag.
1135 4058 1251 4160 340.)

315 4171 399 4246 L’an
427 4168 512 4270 591,
541 4174 630 4254 saint
652 4170 817 4269 Gregoire
836 4169 866 4245 le
888 4171 1004 4245 Grand
1031 4172 1157 4258 e'tablit
1179 4180 1274 4250 ainsi
1297 4201 1342 4246 on
