2928 5000
36 1369 40 1440 t

36 1623 38 1686 I

36 1687 38 1756 t

357 1027 686 1121 CHAPITRE
726 1031 863 1119 VIII.

116 1309 248 1388 Obligation
263 1316 300 1370 de
316 1313 441 1371 ce'lebrer
454 1317 495 1371 les
510 1316 629 1372 concites
639 1317 842 1392 provinciana,
858 1329 886 1372 et
899 1319 924 1372 sr'
936 1328 1006 1372 reue
1023 1315 1133 1396 obliga·

283 1415 342 1472 tion
355 1425 399 1470 est
406 1416 531 1490 perrenae
540 1433 597 1490 por
611 1435 666 1472 rene
679 1419 779 1490 longtoe
792 1415 953 1474 desuetudo.

148 2101 189 2168 Le
206 2101 363 2198 precepto
379 2099 437 2196 qni
457 2099 589 2194 enjoint
610 2121 653 2170 au
677 2098 926 2196 metropolitain
947 2101 988 2172 dc
1010 2127 1139 2174 convo-

112 2237 178 2307 quer
191 2217 220 2286 Ie
233 2217 366 2288 conciie
380 2217 422 2286 do
435 2239 469 2286 sa
485 2218 656 2312 province,
669 2233 703 2286 ct
718 2218 736 2286 a
752 2242 802 2286 ses
819 2218 1021 2314 suffragante
1036 2217 1079 2290 de
1096 2220 1141 2317 s'y

112 2334 228 2424 ardre,
246 2361 292 2406 ne
308 2335 434 2404 saurait
452 2335 525 2404 etre
544 2335 695 2430 rivoque
711 2357 753 2404 en
774 2335 887 2406 doute.
906 2336 1142 2433 Formoic'par'

113 2443 135 2513 Ie
152 2452 407 2522 trente-sixicme
420 2475 529 2520 canon
548 2448 605 2520 des
618 2450 763 2546 optines,
782 2453 966 2522 renouvelc
987 2477 1047 2547 par
1061 2452 1140 2548 pIu·

36 2571 37 2648 ξ
112 2565 198 2637 sicurs
214 2563 366 2639 conciIes
388 2568 639 2662 oecumeniques
662 2581 697 2636 et
723 2591 786 2662 par·
811 2593 857 2636 un
877 2569 984 2661 grand
1001 2569 1144 2639 nombre

36 2753 37 2760 χ
112 2679 142 2749 de
157 2684 350 2756 souverains
370 2683 532 2780 pontisas,
553 2679 576 2751 iI
594 2707 614 2752 a
635 2680 690 2752 616
707 2683 747 2752 dc
766 2707 922 2753 nouveau
944 2685 1143 2754 sanctionne

36 2823 37 2850 t
112 2795 179 2869 dans
190 2800 219 2871 Ia
236 2802 543 2898 vingt-quatrieme
557 2799 681 2869 session
699 2792 745 2869 dn
764 2799 894 2870 concile
907 2800 949 2870 de
962 2803 1088 2871 Trente
1100 2826 1142 2872 en

111 2937 152 2984 ces
165 2932 303 2988 termes:
324 2947 342 2982 a
356 2913 577 2987 provincialia
591 2915 750 3005 concilia,
771 2913 878 2986 sicubi
893 2917 1013 2987 omissa
1026 2917 1142 2992 sunt...

111 3050 316 3104 renoventur.
327 3034 443 3124 Quare
454 3027 743 3127 metropolitani...
753 3029 906 3127 quolibet
915 3032 1033 3104 saltent
1046 3037 1147 3106 trien·

36 3167 37 3212 i
112 3148 187 3219 nio...
205 3176 275 3221 non
306 3148 542 3245 praetermittat
561 3147 726 3243 synodum
753 3147 789 3219 in
815 3148 990 3244 provincia
1005 3173 1063 3219 soa
1088 3177 1146 3220 co·

113 3288 192 3356 gere,
207 3293 276 3362 quo
291 3265 440 3360 episcopi
454 3287 571 3334 omnes
590 3279 625 3334 et
640 3263 696 3334 aiii
717 3265 776 3359 qui
795 3265 835 3334 de
850 3259 928 3358 jure
942 3263 994 3334 vel
1007 3291 1147 3338 consue·

114 3379 211 3452 tudine
225 3386 388 3469 interesse
401 3379 558 3451 debent...
575 3381 757 3450 convenire
770 3380 911 3450 omnino
926 3396 1144 3456 teneantur.»

113 3491 160 3586 (C.
179 3525 219 3588 a,
234 3505 290 3570 De
307 3497 386 3595 ref.)

149 3611 174 3681 II
195 3630 244 3684 est
258 3613 388 3685 certain
409 3611 498 3683 aussi
516 3637 582 3708 qne
604 3611 637 3683 Ia
659 3613 800 3683 matierc
814 3611 855 3684 de
870 3639 908 3684 ce
923 3617 1081 3710 precepto
1096 3629 1146 3688 cst

112 3749 198 3818 grave
209 3755 251 3800 au
263 3729 409 3828 premier
421 3729 509 3798 tine.
523 3729 572 3798 La
586 3729 714 3824 gravitr}
729 3725 813 3800 dela
827 3731 966 3799 matiere
983 3755 1017 3800 se
1030 3757 1148 3828 recon-

111 3846 264 3937 naissent,
284 3869 416 3918 comme
439 3844 489 3914 dit
507 3847 649 3932 suarez,
667 3869 728 3940 par
742 3843 955 3916 I'estimation
969 3871 1149 3919 commune

111 3955 159 4027 des
178 3963 331 4032 hommes
360 3964 588 4059 competents‚
606 3959 782 4058 prudenti
805 3961 953 4034 arbitrio
976 3961 1148 4061 judican-

112 4071 183 4146 dam
196 4107 273 4150 esse
287 4081 360 4176 (De
376 4077 460 4175 leg„
476 4077 498 4148 Ι.
514 4083 580 4170 111,
598 4105 627 4150 c.
644 4075 703 4169 25,
718 4105 751 4150 n.
768 4077 825 4178 7),
843 4080 921 4176 quel
939 4083 1149 4180 ternoignage

36 4213 37 4286 J
112 4190 176 4288 plus
193 4196 363 4298 imposant'
380 4219 447 4298 que
467 4207 542 4270 ta'nt
558 4195 600 4268 de
613 4193 772 4290 conciles,
790 4197 831 4270 de
853 4199 1051 4272 souverains
1064 4225 1149 4304 pon·
