<?xml version="1.0" encoding="UTF-8"?>
<!DOCTYPE html PUBLIC "-//W3C//DTD XHTML 1.0 Transitional//EN"
    "http://www.w3.org/TR/xhtml1/DTD/xhtml1-transitional.dtd">
<html xmlns="http://www.w3.org/1999/xhtml" xml:lang="en" lang="en">
 <head>
  <title>
</title>
<meta http-equiv="Content-Type" content="text/html;charset=utf-8" />
  <meta name='ocr-system' content='tesseract 3.04.00' />
  <meta name='ocr-capabilities' content='ocr_page ocr_carea ocr_par ocr_line ocrx_word'/>
</head>
<body>
  <div class='ocr_page' id='page_1' title='image "./duconcileprovin00bouigoog/duconcileprovin00bouigoog_0135.png"; bbox 0 0 2836 5024; ppageno 0'>
   <div class='ocr_carea' id='block_1_1' title="bbox 221 457 1129 538">
    <p class='ocr_par' dir='ltr' id='par_1_1' title="bbox 221 457 1129 538">
     <span class='ocr_line' id='line_1_1' title="bbox 221 457 1129 538; baseline 0.007 -32"><span class='ocrx_word' id='word_1_1' title='bbox 221 457 415 506; x_wconf 67' lang='lat' dir='ltr'>Personat-:s</span> <span class='ocrx_word' id='word_1_2' title='bbox 435 457 648 508; x_wconf 76' lang='lat' dir='ltr'><strong>COMPOSANT</strong></span> <span class='ocrx_word' id='word_1_3' title='bbox 666 457 709 508; x_wconf 79' lang='lat' dir='ltr'>LE</span> <span class='ocrx_word' id='word_1_4' title='bbox 727 459 893 528; x_wconf 65' lang='lat' dir='ltr'>coneum,</span> <span class='ocrx_word' id='word_1_5' title='bbox 909 461 981 510; x_wconf 72' lang='grc' dir='ltr'>ΠΟ.</span> <span class='ocrx_word' id='word_1_6' title='bbox 1063 463 1129 538; x_wconf 77' lang='grc'>117</span> 
     </span>
    </p>
   </div>
   <div class='ocr_carea' id='block_1_2' title="bbox 10 579 1213 4292">
    <p class='ocr_par' dir='ltr' id='par_1_2' title="bbox 101 579 1129 1004">
     <span class='ocr_line' id='line_1_2' title="bbox 104 579 1129 690; baseline 0.006 -34"><span class='ocrx_word' id='word_1_7' title='bbox 104 581 436 684; x_wconf 70' lang='lat' dir='ltr'>«quinquennale,</span> <span class='ocrx_word' id='word_1_8' title='bbox 458 611 567 682; x_wconf 86' lang='lat' dir='ltr'>neque</span> <span class='ocrx_word' id='word_1_9' title='bbox 589 579 807 685; x_wconf 74' lang='lat' dir='ltr'>egritudine,</span> <span class='ocrx_word' id='word_1_10' title='bbox 826 613 935 686; x_wconf 85' lang='lat' dir='ltr'>neque</span> <span class='ocrx_word' id='word_1_11' title='bbox 961 589 1024 661; x_wconf 85' lang='lat' dir='ltr'>alia</span> <span class='ocrx_word' id='word_1_12' title='bbox 1053 616 1129 690; x_wconf 85' lang='lat' dir='ltr'>gra·</span> 
     </span>
     <span class='ocr_line' id='line_1_3' title="bbox 102 698 1129 799; baseline 0.013 -34"><span class='ocrx_word' id='word_1_13' title='bbox 102 702 203 770; x_wconf 81' lang='lat' dir='ltr'>«riori</span> <span class='ocrx_word' id='word_1_14' title='bbox 222 703 417 772; x_wconf 86' lang='lat' dir='ltr'><strong>necessitate</strong></span> <span class='ocrx_word' id='word_1_15' title='bbox 434 698 675 796; x_wconf 88' lang='lat' dir='ltr'>impediuntur,</span> <span class='ocrx_word' id='word_1_16' title='bbox 688 717 916 799; x_wconf 78' lang='lat' dir='ltr'>competenter</span> <span class='ocrx_word' id='word_1_17' title='bbox 938 723 1129 778; x_wconf 83' lang='lat' dir='ltr'>occurrant.</span> 
     </span>
     <span class='ocr_line' id='line_1_4' title="bbox 102 816 1128 916; baseline 0.014 -36"><span class='ocrx_word' id='word_1_18' title='bbox 102 816 262 906; x_wconf 74' lang='lat' dir='ltr'>«Quodsi</span> <span class='ocrx_word' id='word_1_19' title='bbox 286 842 354 886; x_wconf 90' lang='lat' dir='ltr'>non</span> <span class='ocrx_word' id='word_1_20' title='bbox 381 817 555 916; x_wconf 89' lang='lat' dir='ltr'>potuerint</span> <span class='ocrx_word' id='word_1_21' title='bbox 577 841 775 910; x_wconf 88' lang='lat' dir='ltr'>occurrere,</span> <span class='ocrx_word' id='word_1_22' title='bbox 798 821 1029 892; x_wconf 86' lang='lat' dir='ltr'>exeusationes</span> <span class='ocrx_word' id='word_1_23' title='bbox 1052 847 1128 894; x_wconf 84' lang='lat' dir='ltr'>suas</span> 
     </span>
     <span class='ocr_line' id='line_1_5' title="bbox 101 931 574 1004; baseline 0.011 -8"><span class='ocrx_word' id='word_1_24' title='bbox 101 931 297 1004; x_wconf 65' lang='lat' dir='ltr'>«literatorie</span> <span class='ocrx_word' id='word_1_25' title='bbox 316 933 542 1004; x_wconf 82' lang='lat' dir='ltr'>conscribant.</span> <span class='ocrx_word' id='word_1_26' title='bbox 557 964 574 1000; x_wconf 78' lang='lat' dir='ltr'>r</span> 
     </span>
    </p>

    <p class='ocr_par' dir='ltr' id='par_1_3' title="bbox 100 1047 1132 1264">
     <span class='ocr_line' id='line_1_6' title="bbox 137 1047 1129 1147; baseline 0.01 -29"><span class='ocrx_word' id='word_1_27' title='bbox 137 1053 194 1122; x_wconf 92' lang='lat' dir='ltr'>Les</span> <span class='ocrx_word' id='word_1_28' title='bbox 207 1052 415 1147; x_wconf 83' lang='lat' dir='ltr'>expressions</span> <span class='ocrx_word' id='word_1_29' title='bbox 428 1049 474 1120; x_wconf 91' lang='lat' dir='ltr'>du</span> <span class='ocrx_word' id='word_1_30' title='bbox 486 1047 615 1120; x_wconf 86' lang='lat' dir='ltr'>concile</span> <span class='ocrx_word' id='word_1_31' title='bbox 628 1047 672 1121; x_wconf 86' lang='lat' dir='ltr'>dc</span> <span class='ocrx_word' id='word_1_32' title='bbox 684 1053 810 1122; x_wconf 85' lang='lat' dir='ltr'>Trente</span> <span class='ocrx_word' id='word_1_33' title='bbox 820 1079 862 1122; x_wconf 92' lang='lat' dir='ltr'>ne</span> <span class='ocrx_word' id='word_1_34' title='bbox 875 1055 1045 1126; x_wconf 86' lang='lat' dir='ltr'>sauraient</span> <span class='ocrx_word' id='word_1_35' title='bbox 1057 1059 1129 1129; x_wconf 72' lang='lat' dir='ltr'>etro</span> 
     </span>
     <span class='ocr_line' id='line_1_7' title="bbox 100 1166 1132 1264; baseline 0.007 -27"><span class='ocrx_word' id='word_1_36' title='bbox 100 1169 159 1262; x_wconf 90' lang='lat' dir='ltr'>plus</span> <span class='ocrx_word' id='word_1_37' title='bbox 178 1166 346 1264; x_wconf 89' lang='lat' dir='ltr'>explicites</span> <span class='ocrx_word' id='word_1_38' title='bbox 362 1167 488 1258; x_wconf 75' lang='lat' dir='ltr'>:aQuo</span> <span class='ocrx_word' id='word_1_39' title='bbox 507 1167 657 1264; x_wconf 87' lang='lat' dir='ltr'>episcopi</span> <span class='ocrx_word' id='word_1_40' title='bbox 673 1194 840 1242; x_wconf 71' lang='lat' dir='ltr'>omnes...</span> <span class='ocrx_word' id='word_1_41' title='bbox 856 1173 1038 1243; x_wconf 87' lang='lat' dir='ltr'>convenire</span> <span class='ocrx_word' id='word_1_42' title='bbox 1061 1198 1132 1244; x_wconf 91' lang='lat' dir='ltr'>om·</span> 
     </span>
    </p>

    <p class='ocr_par' dir='ltr' id='par_1_4' title="bbox 10 1283 428 1372">
     <span class='ocr_line' id='line_1_8' title="bbox 10 1283 428 1372; baseline 0.01 -26"><span class='ocrx_word' id='word_1_43' title='bbox 10 1357 11 1372; x_wconf 19' lang='lat'>¹</span> <span class='ocrx_word' id='word_1_44' title='bbox 97 1283 193 1352; x_wconf 71' lang='lat' dir='ltr'>anino</span> <span class='ocrx_word' id='word_1_45' title='bbox 211 1297 428 1354; x_wconf 74' lang='lat' dir='ltr'>teneantur.»</span> 
     </span>
    </p>

    <p class='ocr_par' dir='ltr' id='par_1_5' title="bbox 93 1401 1213 2544">
     <span class='ocr_line' id='line_1_9' title="bbox 135 1401 1213 1497; baseline 0.009 -27"><span class='ocrx_word' id='word_1_46' title='bbox 135 1403 190 1470; x_wconf 84' lang='lat' dir='ltr'>Les</span> <span class='ocrx_word' id='word_1_47' title='bbox 207 1401 352 1496; x_wconf 65' lang='lat' dir='ltr'>dvdques</span> <span class='ocrx_word' id='word_1_48' title='bbox 367 1401 426 1496; x_wconf 92' lang='lat' dir='ltr'>qui</span> <span class='ocrx_word' id='word_1_49' title='bbox 446 1425 488 1470; x_wconf 90' lang='lat' dir='ltr'>ne</span> <span class='ocrx_word' id='word_1_50' title='bbox 503 1415 580 1472; x_wconf 87' lang='lat' dir='ltr'>sont</span> <span class='ocrx_word' id='word_1_51' title='bbox 595 1401 722 1472; x_wconf 88' lang='lat' dir='ltr'>soumis</span> <span class='ocrx_word' id='word_1_52' title='bbox 742 1401 760 1473; x_wconf 77' lang='lat' dir='ltr'>ir</span> <span class='ocrx_word' id='word_1_53' title='bbox 781 1402 811 1472; x_wconf 84' lang='lat' dir='ltr'>la</span> <span class='ocrx_word' id='word_1_54' title='bbox 822 1403 1022 1497; x_wconf 86' lang='lat' dir='ltr'>juridiction</span> <span class='ocrx_word' id='word_1_55' title='bbox 1038 1405 1132 1479; x_wconf 90' lang='lat' dir='ltr'>d’au·</span> <span class='ocrx_word' id='word_1_56' title='bbox 1206 1433 1213 1445; x_wconf 86' lang='lat'>·</span> 
     </span>
     <span class='ocr_line' id='line_1_10' title="bbox 97 1514 1130 1612; baseline 0.01 -30"><span class='ocrx_word' id='word_1_57' title='bbox 97 1539 150 1585; x_wconf 89' lang='lat' dir='ltr'>cun</span> <span class='ocrx_word' id='word_1_58' title='bbox 170 1517 382 1612; x_wconf 72' lang='lat' dir='ltr'>arclaevdque</span> <span class='ocrx_word' id='word_1_59' title='bbox 409 1531 444 1586; x_wconf 89' lang='lat' dir='ltr'>et</span> <span class='ocrx_word' id='word_1_60' title='bbox 466 1516 524 1612; x_wconf 93' lang='lat' dir='ltr'>qui</span> <span class='ocrx_word' id='word_1_61' title='bbox 546 1514 740 1611; x_wconf 75' lang='lat' dir='ltr'>dependent</span> <span class='ocrx_word' id='word_1_62' title='bbox 763 1517 1054 1592; x_wconf 73' lang='lat' dir='ltr'>immediatement</span> <span class='ocrx_word' id='word_1_63' title='bbox 1084 1523 1130 1592; x_wconf 86' lang='lat' dir='ltr'>du</span> 
     </span>
     <span class='ocr_line' id='line_1_11' title="bbox 96 1613 1131 1730; baseline 0.01 -32"><span class='ocrx_word' id='word_1_64' title='bbox 96 1613 188 1702; x_wconf 36' lang='lat' dir='ltr'>saint-¹</span> <span class='ocrx_word' id='word_1_65' title='bbox 197 1636 316 1730; x_wconf 77' lang='lat' dir='ltr'>siege,</span> <span class='ocrx_word' id='word_1_66' title='bbox 340 1648 417 1703; x_wconf 88' lang='lat' dir='ltr'>sont</span> <span class='ocrx_word' id='word_1_67' title='bbox 444 1631 677 1730; x_wconf 84' lang='lat' dir='ltr'>pareillement</span> <span class='ocrx_word' id='word_1_68' title='bbox 705 1635 844 1703; x_wconf 90' lang='lat' dir='ltr'>atteints</span> <span class='ocrx_word' id='word_1_69' title='bbox 868 1659 929 1730; x_wconf 88' lang='lat' dir='ltr'>par</span> <span class='ocrx_word' id='word_1_70' title='bbox 955 1633 986 1706; x_wconf 88' lang='lat' dir='ltr'>la</span> <span class='ocrx_word' id='word_1_71' title='bbox 1009 1635 1052 1708; x_wconf 93' lang='lat' dir='ltr'>loi</span> <span class='ocrx_word' id='word_1_72' title='bbox 1084 1637 1131 1708; x_wconf 91' lang='lat' dir='ltr'>du</span> 
     </span>
     <span class='ocr_line' id='line_1_12' title="bbox 95 1747 1129 1848; baseline 0.007 -33"><span class='ocrx_word' id='word_1_73' title='bbox 95 1749 203 1820; x_wconf 90' lang='lat' dir='ltr'>concile</span> <span class='ocrx_word' id='word_1_74' title='bbox 221 1750 264 1820; x_wconf 90' lang='lat' dir='ltr'>de</span> <span class='ocrx_word' id='word_1_75' title='bbox 279 1755 406 1820; x_wconf 88' lang='lat' dir='ltr'>Trente</span> <span class='ocrx_word' id='word_1_76' title='bbox 424 1774 432 1819; x_wconf 77' lang='grc' dir='ltr'><strong>ε</strong></span> <span class='ocrx_word' id='word_1_77' title='bbox 449 1747 593 1818; x_wconf 89' lang='lat' dir='ltr'>«Itidem</span> <span class='ocrx_word' id='word_1_78' title='bbox 609 1747 757 1844; x_wconf 86' lang='lat' dir='ltr'>episcopi</span> <span class='ocrx_word' id='word_1_79' title='bbox 776 1751 835 1843; x_wconf 91' lang='lat' dir='ltr'>qui</span> <span class='ocrx_word' id='word_1_80' title='bbox 861 1751 944 1826; x_wconf 88' lang='lat' dir='ltr'>nulli</span> <span class='ocrx_word' id='word_1_81' title='bbox 964 1752 1129 1848; x_wconf 90' lang='lat' dir='ltr'>archiepi-</span> 
     </span>
     <span class='ocr_line' id='line_1_13' title="bbox 93 1865 1129 1963; baseline 0.004 -29"><span class='ocrx_word' id='word_1_82' title='bbox 93 1891 211 1963; x_wconf 73' lang='lat' dir='ltr'>«scopo</span> <span class='ocrx_word' id='word_1_83' title='bbox 227 1867 473 1962; x_wconf 86' lang='lat' dir='ltr'>subjiciuntur,</span> <span class='ocrx_word' id='word_1_84' title='bbox 492 1865 637 1962; x_wconf 87' lang='lat' dir='ltr'>aliquem</span> <span class='ocrx_word' id='word_1_85' title='bbox 659 1867 807 1935; x_wconf 87' lang='lat' dir='ltr'>vicinum</span> <span class='ocrx_word' id='word_1_86' title='bbox 830 1867 1129 1963; x_wconf 85' lang='lat' dir='ltr'>metropolitanum</span> 
     </span>
     <span class='ocr_line' id='line_1_14' title="bbox 94 1982 1128 2080; baseline 0.01 -35"><span class='ocrx_word' id='word_1_87' title='bbox 94 1983 203 2052; x_wconf 74' lang='lat' dir='ltr'>asemel</span> <span class='ocrx_word' id='word_1_88' title='bbox 223 1983 365 2080; x_wconf 86' lang='lat' dir='ltr'>eligant,</span> <span class='ocrx_word' id='word_1_89' title='bbox 383 1985 419 2054; x_wconf 92' lang='lat' dir='ltr'>in</span> <span class='ocrx_word' id='word_1_90' title='bbox 443 1983 542 2077; x_wconf 89' lang='lat' dir='ltr'>cujus</span> <span class='ocrx_word' id='word_1_91' title='bbox 565 1982 695 2078; x_wconf 84' lang='lat' dir='ltr'>synodo</span> <span class='ocrx_word' id='word_1_92' title='bbox 719 1983 918 2078; x_wconf 89' lang='lat' dir='ltr'>provinciali</span> <span class='ocrx_word' id='word_1_93' title='bbox 945 2010 1027 2054; x_wconf 91' lang='lat' dir='ltr'>cum</span> <span class='ocrx_word' id='word_1_94' title='bbox 1054 1985 1128 2055; x_wconf 85' lang='lat' dir='ltr'>aliis</span> 
     </span>
     <span class='ocr_line' id='line_1_15' title="bbox 94 2097 1128 2193; baseline 0.005 -26"><span class='ocrx_word' id='word_1_95' title='bbox 94 2099 267 2170; x_wconf 75' lang='lat' dir='ltr'>«interesse</span> <span class='ocrx_word' id='word_1_96' title='bbox 286 2098 453 2185; x_wconf 83' lang='lat' dir='ltr'>debeant3</span> <span class='ocrx_word' id='word_1_97' title='bbox 474 2114 507 2167; x_wconf 90' lang='lat' dir='ltr'>et</span> <span class='ocrx_word' id='word_1_98' title='bbox 529 2122 604 2193; x_wconf 77' lang='lat' dir='ltr'>quae</span> <span class='ocrx_word' id='word_1_99' title='bbox 628 2098 675 2167; x_wconf 93' lang='lat' dir='ltr'>ibi</span> <span class='ocrx_word' id='word_1_100' title='bbox 693 2097 850 2168; x_wconf 83' lang='lat' dir='ltr'>ordinata</span> <span class='ocrx_word' id='word_1_101' title='bbox 872 2099 999 2169; x_wconf 85' lang='lat' dir='ltr'>luerint</span> <span class='ocrx_word' id='word_1_102' title='bbox 1020 2102 1128 2172; x_wconf 89' lang='lat' dir='ltr'>obser·</span> 
     </span>
     <span class='ocr_line' id='line_1_16' title="bbox 93 2211 1127 2310; baseline 0.006 -29"><span class='ocrx_word' id='word_1_103' title='bbox 93 2241 105 2274; x_wconf 77' lang='lat' dir='ltr'>r</span> <span class='ocrx_word' id='word_1_104' title='bbox 120 2229 191 2284; x_wconf 91' lang='lat' dir='ltr'>vent</span> <span class='ocrx_word' id='word_1_105' title='bbox 210 2241 249 2286; x_wconf 88' lang='lat' dir='ltr'>ac</span> <span class='ocrx_word' id='word_1_106' title='bbox 268 2215 439 2285; x_wconf 87' lang='lat' dir='ltr'>observari</span> <span class='ocrx_word' id='word_1_107' title='bbox 459 2211 585 2284; x_wconf 84' lang='lat' dir='ltr'>faciant</span> <span class='ocrx_word' id='word_1_108' title='bbox 600 2215 657 2282; x_wconf 89' lang='lat' dir='ltr'>:in</span> <span class='ocrx_word' id='word_1_109' title='bbox 678 2213 817 2310; x_wconf 89' lang='lat' dir='ltr'>reliquis</span> <span class='ocrx_word' id='word_1_110' title='bbox 834 2217 991 2286; x_wconf 90' lang='lat' dir='ltr'>omnibus</span> <span class='ocrx_word' id='word_1_111' title='bbox 1009 2243 1127 2288; x_wconf 92' lang='lat' dir='ltr'>eorum</span> 
     </span>
     <span class='ocr_line' id='line_1_17' title="bbox 93 2327 1125 2426; baseline 0.002 -28"><span class='ocrx_word' id='word_1_112' title='bbox 93 2334 273 2426; x_wconf 73' lang='lat' dir='ltr'>«exemptio</span> <span class='ocrx_word' id='word_1_113' title='bbox 288 2346 322 2400; x_wconf 89' lang='lat' dir='ltr'>ct</span> <span class='ocrx_word' id='word_1_114' title='bbox 340 2329 516 2426; x_wconf 84' lang='lat' dir='ltr'>privilegia</span> <span class='ocrx_word' id='word_1_115' title='bbox 537 2327 627 2399; x_wconf 84' lang='lat' dir='ltr'>salva</span> <span class='ocrx_word' id='word_1_116' title='bbox 647 2343 748 2426; x_wconf 85' lang='lat' dir='ltr'>atque</span> <span class='ocrx_word' id='word_1_117' title='bbox 769 2332 900 2426; x_wconf 86' lang='lat' dir='ltr'>integra</span> <span class='ocrx_word' id='word_1_118' title='bbox 920 2348 1125 2403; x_wconf 77' lang='lat' dir='ltr'>maneant.»</span> 
     </span>
     <span class='ocr_line' id='line_1_18' title="bbox 94 2445 540 2544; baseline -0.004 -28"><span class='ocrx_word' id='word_1_119' title='bbox 94 2445 181 2544; x_wconf 80' lang='lat' dir='ltr'>(sess.</span> <span class='ocrx_word' id='word_1_120' title='bbox 200 2451 259 2534; x_wconf 64' lang='lat' dir='ltr'>alx.</span> <span class='ocrx_word' id='word_1_121' title='bbox 278 2473 350 2542; x_wconf 90' lang='lat' dir='ltr'>cap.</span> <span class='ocrx_word' id='word_1_122' title='bbox 374 2474 393 2518; x_wconf 86' lang='lat'>2</span> <span class='ocrx_word' id='word_1_123' title='bbox 410 2445 540 2542; x_wconf 83' lang='lat' dir='ltr'>derel.)</span> 
     </span>
    </p>

    <p class='ocr_par' dir='ltr' id='par_1_6' title="bbox 86 2559 1128 4060">
     <span class='ocr_line' id='line_1_19' title="bbox 131 2559 1127 2660; baseline 0.004 -26"><span class='ocrx_word' id='word_1_124' title='bbox 131 2567 187 2635; x_wconf 90' lang='lat' dir='ltr'>Ces</span> <span class='ocrx_word' id='word_1_125' title='bbox 201 2579 291 2634; x_wconf 88' lang='lat' dir='ltr'>mots</span> <span class='ocrx_word' id='word_1_126' title='bbox 309 2580 346 2634; x_wconf 85' lang='lat' dir='ltr'>et</span> <span class='ocrx_word' id='word_1_127' title='bbox 368 2589 449 2660; x_wconf 83' lang='lat' dir='ltr'>quoe</span> <span class='ocrx_word' id='word_1_128' title='bbox 473 2561 525 2633; x_wconf 76' lang='lat' dir='ltr'>ibi</span> <span class='ocrx_word' id='word_1_129' title='bbox 542 2559 708 2634; x_wconf 74' lang='lat' dir='ltr'>ordinata</span> <span class='ocrx_word' id='word_1_130' title='bbox 718 2561 860 2660; x_wconf 72' lang='lat' dir='ltr'>sueretu</span> <span class='ocrx_word' id='word_1_131' title='bbox 882 2563 1064 2636; x_wconf 80' lang='lat' dir='ltr'>observent</span> <span class='ocrx_word' id='word_1_132' title='bbox 1086 2593 1127 2638; x_wconf 89' lang='lat' dir='ltr'>nc</span> 
     </span>
     <span class='ocr_line' id='line_1_20' title="bbox 91 2677 1128 2774; baseline 0.007 -27"><span class='ocrx_word' id='word_1_133' title='bbox 91 2681 309 2752; x_wconf 67' lang='lat' dir='ltr'>conferentem</span> <span class='ocrx_word' id='word_1_134' title='bbox 335 2677 586 2774; x_wconf 77' lang='lat' dir='ltr'>metropolitam</span> <span class='ocrx_word' id='word_1_135' title='bbox 601 2704 711 2749; x_wconf 87' lang='lat' dir='ltr'>aucun</span> <span class='ocrx_word' id='word_1_136' title='bbox 732 2679 822 2749; x_wconf 90' lang='lat' dir='ltr'>droit</span> <span class='ocrx_word' id='word_1_137' title='bbox 844 2679 885 2750; x_wconf 88' lang='lat' dir='ltr'>de</span> <span class='ocrx_word' id='word_1_138' title='bbox 911 2683 1128 2754; x_wconf 86' lang='lat' dir='ltr'>contraindre</span> 
     </span>
     <span class='ocr_line' id='line_1_21' title="bbox 90 2793 1127 2894; baseline 0.006 -32"><span class='ocrx_word' id='word_1_139' title='bbox 90 2793 224 2894; x_wconf 73' lang='lat' dir='ltr'>leveque</span> <span class='ocrx_word' id='word_1_140' title='bbox 257 2813 393 2894; x_wconf 89' lang='lat' dir='ltr'>exempt</span> <span class='ocrx_word' id='word_1_141' title='bbox 420 2797 438 2866; x_wconf 72' lang='grc' dir='ltr'>ὲ</span> <span class='ocrx_word' id='word_1_142' title='bbox 469 2795 704 2866; x_wconf 84' lang='lat' dir='ltr'>l’observation</span> <span class='ocrx_word' id='word_1_143' title='bbox 739 2795 795 2865; x_wconf 89' lang='lat' dir='ltr'>des</span> <span class='ocrx_word' id='word_1_144' title='bbox 831 2793 960 2868; x_wconf 83' lang='lat' dir='ltr'>dr&#39;crets</span> <span class='ocrx_word' id='word_1_145' title='bbox 995 2795 1127 2892; x_wconf 88' lang='lat' dir='ltr'>publie&#39;s</span> 
     </span>
     <span class='ocr_line' id='line_1_22' title="bbox 93 2911 1128 3008; baseline 0.003 -28"><span class='ocrx_word' id='word_1_146' title='bbox 93 2911 163 2985; x_wconf 89' lang='lat' dir='ltr'>dans</span> <span class='ocrx_word' id='word_1_147' title='bbox 176 2915 204 2986; x_wconf 92' lang='lat' dir='ltr'>le</span> <span class='ocrx_word' id='word_1_148' title='bbox 220 2913 365 3002; x_wconf 81' lang='lat' dir='ltr'>concile,</span> <span class='ocrx_word' id='word_1_149' title='bbox 379 2914 464 2984; x_wconf 86' lang='lat' dir='ltr'>ainsi</span> <span class='ocrx_word' id='word_1_150' title='bbox 484 2938 550 3008; x_wconf 86' lang='lat' dir='ltr'>que</span> <span class='ocrx_word' id='word_1_151' title='bbox 565 2911 593 2982; x_wconf 88' lang='lat' dir='ltr'>la</span> <span class='ocrx_word' id='word_1_152' title='bbox 605 2913 847 3008; x_wconf 75' lang='lat' dir='ltr'>congregation</span> <span class='ocrx_word' id='word_1_153' title='bbox 862 2911 918 2981; x_wconf 85' lang='lat' dir='ltr'>des</span> <span class='ocrx_word' id='word_1_154' title='bbox 929 2913 1128 2985; x_wconf 79' lang='lat' dir='ltr'>caulinaux·</span> 
     </span>
     <span class='ocr_line' id='line_1_23' title="bbox 90 3025 1126 3130; baseline 0.007 -36"><span class='ocrx_word' id='word_1_155' title='bbox 90 3027 275 3130; x_wconf 74' lang='lat' dir='ltr'>interpretes</span> <span class='ocrx_word' id='word_1_156' title='bbox 295 3029 335 3101; x_wconf 88' lang='lat' dir='ltr'>l&#39;a</span> <span class='ocrx_word' id='word_1_157' title='bbox 354 3027 472 3102; x_wconf 73' lang='lat' dir='ltr'>decide</span> <span class='ocrx_word' id='word_1_158' title='bbox 489 3053 549 3124; x_wconf 83' lang='lat' dir='ltr'>par</span> <span class='ocrx_word' id='word_1_159' title='bbox 571 3026 602 3097; x_wconf 87' lang='lat' dir='ltr'>la</span> <span class='ocrx_word' id='word_1_160' title='bbox 624 3025 830 3098; x_wconf 75' lang='lat' dir='ltr'>declaration</span> <span class='ocrx_word' id='word_1_161' title='bbox 853 3029 1007 3098; x_wconf 84' lang='lat' dir='ltr'>suivante</span> <span class='ocrx_word' id='word_1_162' title='bbox 1023 3055 1030 3097; x_wconf 92' lang='lat'><strong>:</strong></span> <span class='ocrx_word' id='word_1_163' title='bbox 1049 3035 1126 3100; x_wconf 83' lang='lat' dir='ltr'>«Et</span> 
     </span>
     <span class='ocr_line' id='line_1_24' title="bbox 88 3145 1128 3244; baseline -0.002 -29"><span class='ocrx_word' id='word_1_164' title='bbox 88 3151 293 3221; x_wconf 78' lang='lat' dir='ltr'>«notandum</span> <span class='ocrx_word' id='word_1_165' title='bbox 313 3147 403 3244; x_wconf 90' lang='lat' dir='ltr'>quod</span> <span class='ocrx_word' id='word_1_166' title='bbox 429 3147 605 3242; x_wconf 83' lang='lat' dir='ltr'>episcopus</span> <span class='ocrx_word' id='word_1_167' title='bbox 627 3159 803 3239; x_wconf 87' lang='lat' dir='ltr'>exemptus</span> <span class='ocrx_word' id='word_1_168' title='bbox 820 3145 877 3242; x_wconf 92' lang='lat' dir='ltr'>qui</span> <span class='ocrx_word' id='word_1_169' title='bbox 897 3145 1128 3242; x_wconf 80' lang='lat' dir='ltr'>metropolita-</span> 
     </span>
     <span class='ocr_line' id='line_1_25' title="bbox 89 3257 1126 3358; baseline 0.001 -28"><span class='ocrx_word' id='word_1_170' title='bbox 89 3287 185 3333; x_wconf 73' lang='lat' dir='ltr'>tnum</span> <span class='ocrx_word' id='word_1_171' title='bbox 200 3264 351 3334; x_wconf 91' lang='lat' dir='ltr'>vicinum</span> <span class='ocrx_word' id='word_1_172' title='bbox 373 3258 474 3330; x_wconf 86' lang='lat' dir='ltr'>semel</span> <span class='ocrx_word' id='word_1_173' title='bbox 497 3258 613 3356; x_wconf 84' lang='lat' dir='ltr'>elegit,</span> <span class='ocrx_word' id='word_1_174' title='bbox 632 3274 666 3329; x_wconf 92' lang='lat' dir='ltr'>et</span> <span class='ocrx_word' id='word_1_175' title='bbox 684 3259 755 3353; x_wconf 90' lang='lat' dir='ltr'>ejus</span> <span class='ocrx_word' id='word_1_176' title='bbox 781 3257 978 3354; x_wconf 87' lang='lat' dir='ltr'>provinciali</span> <span class='ocrx_word' id='word_1_177' title='bbox 998 3263 1126 3358; x_wconf 83' lang='lat' dir='ltr'>synodo</span> 
     </span>
     <span class='ocr_line' id='line_1_26' title="bbox 88 3374 1123 3474; baseline 0.003 -31"><span class='ocrx_word' id='word_1_178' title='bbox 88 3377 272 3469; x_wconf 65' lang='lat' dir='ltr'>«interfuit,</span> <span class='ocrx_word' id='word_1_179' title='bbox 292 3404 360 3448; x_wconf 94' lang='lat' dir='ltr'>non</span> <span class='ocrx_word' id='word_1_180' title='bbox 376 3392 486 3474; x_wconf 89' lang='lat' dir='ltr'>potest</span> <span class='ocrx_word' id='word_1_181' title='bbox 500 3377 543 3446; x_wconf 87' lang='lat' dir='ltr'>ab</span> <span class='ocrx_word' id='word_1_182' title='bbox 558 3374 675 3445; x_wconf 88' lang='lat' dir='ltr'>codem</span> <span class='ocrx_word' id='word_1_183' title='bbox 692 3374 954 3472; x_wconf 87' lang='lat' dir='ltr'>metropolitano</span> <span class='ocrx_word' id='word_1_184' title='bbox 969 3377 1123 3472; x_wconf 87' lang='lat' dir='ltr'>compelli</span> 
     </span>
     <span class='ocr_line' id='line_1_27' title="bbox 89 3490 1128 3602; baseline 0.002 -38"><span class='ocrx_word' id='word_1_185' title='bbox 89 3519 168 3568; x_wconf 70' lang='lat' dir='ltr'>«nec</span> <span class='ocrx_word' id='word_1_186' title='bbox 182 3497 260 3594; x_wconf 88' lang='lat' dir='ltr'>cogi</span> <span class='ocrx_word' id='word_1_187' title='bbox 281 3496 324 3566; x_wconf 86' lang='lat' dir='ltr'>ad</span> <span class='ocrx_word' id='word_1_188' title='bbox 343 3497 600 3568; x_wconf 87' lang='lat' dir='ltr'>constitutiones</span> <span class='ocrx_word' id='word_1_189' title='bbox 621 3494 660 3602; x_wconf 86' lang='lat' dir='ltr'>in</span> <span class='ocrx_word' id='word_1_190' title='bbox 678 3518 717 3564; x_wconf 83' lang='lat' dir='ltr'>ea</span> <span class='ocrx_word' id='word_1_191' title='bbox 737 3490 865 3590; x_wconf 86' lang='lat' dir='ltr'>synodo</span> <span class='ocrx_word' id='word_1_192' title='bbox 881 3493 986 3565; x_wconf 87' lang='lat' dir='ltr'>editas</span> <span class='ocrx_word' id='word_1_193' title='bbox 1007 3494 1128 3566; x_wconf 87' lang='lat' dir='ltr'>obser-</span> 
     </span>
     <span class='ocr_line' id='line_1_28' title="bbox 87 3609 1127 3710; baseline -0.003 -29"><span class='ocrx_word' id='word_1_194' title='bbox 87 3613 243 3702; x_wconf 57' lang='lat' dir='ltr'>arandae</span> <span class='ocrx_word' id='word_1_195' title='bbox 255 3614 303 3684; x_wconf 91' lang='lat' dir='ltr'>sic</span> <span class='ocrx_word' id='word_1_196' title='bbox 317 3613 534 3710; x_wconf 85' lang='lat' dir='ltr'>congregatio</span> <span class='ocrx_word' id='word_1_197' title='bbox 553 3609 693 3694; x_wconf 83' lang='lat' dir='ltr'>censuit,</span> <span class='ocrx_word' id='word_1_198' title='bbox 714 3620 747 3680; x_wconf 88' lang='lat' dir='ltr'>et</span> <span class='ocrx_word' id='word_1_199' title='bbox 766 3609 831 3678; x_wconf 88' lang='lat' dir='ltr'>hoc</span> <span class='ocrx_word' id='word_1_200' title='bbox 849 3609 980 3678; x_wconf 91' lang='lat' dir='ltr'>ratione</span> <span class='ocrx_word' id='word_1_201' title='bbox 999 3635 1127 3704; x_wconf 82' lang='lat' dir='ltr'>exemp·</span> 
     </span>
     <span class='ocr_line' id='line_1_29' title="bbox 91 3723 1124 3824; baseline 0 -28"><span class='ocrx_word' id='word_1_202' title='bbox 91 3730 224 3821; x_wconf 81' lang='lat' dir='ltr'>«tionis3</span> <span class='ocrx_word' id='word_1_203' title='bbox 236 3758 313 3802; x_wconf 77' lang='lat' dir='ltr'>riam</span> <span class='ocrx_word' id='word_1_204' title='bbox 325 3729 505 3801; x_wconf 90' lang='lat' dir='ltr'>concilium</span> <span class='ocrx_word' id='word_1_205' title='bbox 517 3727 668 3824; x_wconf 92' lang='lat' dir='ltr'>loquitur</span> <span class='ocrx_word' id='word_1_206' title='bbox 677 3741 810 3798; x_wconf 87' lang='lat' dir='ltr'>tantum</span> <span class='ocrx_word' id='word_1_207' title='bbox 825 3723 866 3795; x_wconf 88' lang='lat' dir='ltr'>de</span> <span class='ocrx_word' id='word_1_208' title='bbox 877 3726 1124 3814; x_wconf 87' lang='lat' dir='ltr'>interessentia;</span> 
     </span>
     <span class='ocr_line' id='line_1_30' title="bbox 86 3842 1125 3945; baseline -0.001 -33"><span class='ocrx_word' id='word_1_209' title='bbox 86 3843 142 3914; x_wconf 72' lang='lat' dir='ltr'>«in</span> <span class='ocrx_word' id='word_1_210' title='bbox 166 3847 302 3945; x_wconf 87' lang='lat' dir='ltr'>reliquis</span> <span class='ocrx_word' id='word_1_211' title='bbox 334 3873 413 3918; x_wconf 84' lang='lat' dir='ltr'>vero</span> <span class='ocrx_word' id='word_1_212' title='bbox 433 3862 544 3916; x_wconf 88' lang='lat' dir='ltr'>servat</span> <span class='ocrx_word' id='word_1_213' title='bbox 569 3845 816 3940; x_wconf 89' lang='lat' dir='ltr'>exemptionem</span> <span class='ocrx_word' id='word_1_214' title='bbox 846 3842 1125 3938; x_wconf 83' lang='lat' dir='ltr'>metropolitano-</span> 
     </span>
     <span class='ocr_line' id='line_1_31' title="bbox 89 3957 1059 4060; baseline -0.005 -28"><span class='ocrx_word' id='word_1_215' title='bbox 89 3982 163 4034; x_wconf 72' lang='lat' dir='ltr'>rum.</span> <span class='ocrx_word' id='word_1_216' title='bbox 177 3963 313 4060; x_wconf 80' lang='lat' dir='ltr'>»(Deel.</span> <span class='ocrx_word' id='word_1_217' title='bbox 336 3967 370 4035; x_wconf 91' lang='lat' dir='ltr'>in</span> <span class='ocrx_word' id='word_1_218' title='bbox 389 3991 463 4060; x_wconf 90' lang='lat' dir='ltr'>cap.</span> <span class='ocrx_word' id='word_1_219' title='bbox 479 3991 498 4034; x_wconf 82' lang='lat'><em>2</em></span> <span class='ocrx_word' id='word_1_220' title='bbox 516 3963 558 4032; x_wconf 91' lang='lat' dir='ltr'>de</span> <span class='ocrx_word' id='word_1_221' title='bbox 579 3962 652 4051; x_wconf 72' lang='lat' dir='ltr'>ret,</span> <span class='ocrx_word' id='word_1_222' title='bbox 663 3987 741 4032; x_wconf 90' lang='lat' dir='ltr'>sess.</span> <span class='ocrx_word' id='word_1_223' title='bbox 764 3965 822 4047; x_wconf 72' lang='lat'>24,</span> <span class='ocrx_word' id='word_1_224' title='bbox 837 3985 930 4030; x_wconf 88' lang='lat' dir='ltr'>conc.</span> <span class='ocrx_word' id='word_1_225' title='bbox 943 3957 1059 4054; x_wconf 90' lang='lat' dir='ltr'>Trid.)</span> 
     </span>
    </p>

    <p class='ocr_par' dir='ltr' id='par_1_7' title="bbox 136 4074 1124 4174">
     <span class='ocr_line' id='line_1_32' title="bbox 136 4074 1124 4174; baseline -0.009 -21"><span class='ocrx_word' id='word_1_226' title='bbox 136 4081 248 4170; x_wconf 86' lang='lat' dir='ltr'>Quant</span> <span class='ocrx_word' id='word_1_227' title='bbox 273 4107 315 4152; x_wconf 90' lang='lat' dir='ltr'>au</span> <span class='ocrx_word' id='word_1_228' title='bbox 347 4081 447 4151; x_wconf 87' lang='lat' dir='ltr'>choix</span> <span class='ocrx_word' id='word_1_229' title='bbox 478 4079 522 4149; x_wconf 88' lang='lat' dir='ltr'>du</span> <span class='ocrx_word' id='word_1_230' title='bbox 554 4077 835 4174; x_wconf 81' lang='lat' dir='ltr'>rndtropolitain‚</span> <span class='ocrx_word' id='word_1_231' title='bbox 862 4075 939 4146; x_wconf 88' lang='lat' dir='ltr'>c’est</span> <span class='ocrx_word' id='word_1_232' title='bbox 972 4074 1124 4170; x_wconf 73' lang='lat' dir='ltr'>l&#39;evdqne</span> 
     </span>
    </p>

    <p class='ocr_par' dir='ltr' id='par_1_8' title="bbox 18 4189 1123 4292">
     <span class='ocr_line' id='line_1_33' title="bbox 18 4189 1123 4292; baseline 0.003 -35"><span class='ocrx_word' id='word_1_233' title='bbox 18 4269 19 4290; x_wconf 12' lang='grc' dir='ltr'><strong>ξ</strong></span> <span class='ocrx_word' id='word_1_234' title='bbox 88 4209 206 4290; x_wconf 85' lang='lat' dir='ltr'>exempt</span> <span class='ocrx_word' id='word_1_235' title='bbox 232 4196 290 4292; x_wconf 90' lang='lat' dir='ltr'>qui</span> <span class='ocrx_word' id='word_1_236' title='bbox 308 4195 337 4266; x_wconf 91' lang='lat' dir='ltr'>le</span> <span class='ocrx_word' id='word_1_237' title='bbox 356 4196 416 4266; x_wconf 84' lang='lat' dir='ltr'>fait</span> <span class='ocrx_word' id='word_1_238' title='bbox 432 4193 608 4265; x_wconf 75' lang='lat' dir='ltr'>lui-meme</span> <span class='ocrx_word' id='word_1_239' title='bbox 627 4219 704 4266; x_wconf 84' lang='lat' dir='ltr'>sans</span> <span class='ocrx_word' id='word_1_240' title='bbox 723 4193 819 4263; x_wconf 84' lang='lat' dir='ltr'>avoir</span> <span class='ocrx_word' id='word_1_241' title='bbox 840 4191 955 4263; x_wconf 89' lang='lat' dir='ltr'>besoin</span> <span class='ocrx_word' id='word_1_242' title='bbox 975 4189 1021 4260; x_wconf 92' lang='lat' dir='ltr'>du</span> <span class='ocrx_word' id='word_1_243' title='bbox 1043 4217 1123 4262; x_wconf 91' lang='lat' dir='ltr'>con·</span> 
     </span>
    </p>
   </div>
   <div class='ocr_carea' id='block_1_3' title="bbox 0 0 1422 5024">
    <p class='ocr_par' dir='ltr' id='par_1_9' title="bbox 0 0 1422 5024">
     <span class='ocr_line' id='line_1_34' title="bbox 0 0 1422 5024; baseline 0 3"><span class='ocrx_word' id='word_1_244' title='bbox 0 0 1422 5024; x_wconf 95' lang='lat' dir='ltr'> </span> 
     </span>
    </p>
   </div>
  </div>
 </body>
</html>
