2804 5022
192 481 341 530 concine
359 483 465 536 eaov.
482 485 552 534 nna
570 485 732 534 nirnonr
749 485 792 532 su
811 485 838 532 s.
853 467 980 560 sidon„
1041 461 1113 560 329

12 589 14 662 i
85 604 137 678 hae
154 610 280 684 ratione
296 611 516 700 reddidimus,
535 615 698 710 quoniam
717 613 760 684 ad
780 628 932 686 nostrum
944 613 1109 709 judicium
1215 643 1220 650 ·

83 741 299 816 provocasset,
325 728 495 800 immerito
521 754 600 800 eum
628 729 796 826 pendente
827 731 964 825 negotio
982 753 1003 802 a
1020 754 1115 802 oom-

12 839 13 842 ’
82 841 224 910 munione
252 842 448 916 videbamus
470 871 540 916 esse
566 871 778 943 suspensum.
799 845 981 941 Adjeotum
1010 848 1110 918 etiam

81 952 150 1026 itud
165 973 226 1043 est,
240 959 333 1055 quod
345 961 426 1034 huie
439 975 564 1032 temere
578 963 857 1059 superordinatus
877 987 948 1034 esse
974 987 1113 1060 coguos-

79 1071 155 1144 citur
188 1075 247 1168 qui
275 1101 344 1148 nou
372 1077 490 1150 debuit
517 1077 689 1168 ordinari,
713 1093 895 1173 antequam
922 1074 1111 1178 Lupioinus

12 1189 13 1280 J
78 1186 105 1256 in
123 1193 276 1284 praesenti
289 1195 433 1289 positus,
453 1195 718 1266 autconfutatus
736 1209 797 1269 aut
809 1211 902 1268 certe
914 1196 1111 1288 confessus,

12 1307 13 1346 ³
74 1303 158 1396 justae
181 1325 295 1404 posset
315 1311 490 1408 subjacere
514 1313 709 1402 senteutiae3
727 1329 765 1384 ut
792 1311 1111 1400 virtutemnon,

76 1425 347 1514 quemadmodum
363 1426 539 1525 disciplina
549 1427 772 1502 ecclesiastiea
785 1428 900 1524 exigit,
915 1429 942 1500 is
954 1428 1013 1524 qui
1028 1453 1110 1499 con·

12 1589 13 1606 ,
74 1541 257 1612 secrabatur
274 1543 457 1639 exciperet.
475 1573 493 1610 s

12 1691 13 1694 ¹
113 1655 273 1748 Quosnel,
293 1683 337 1728 ne
355 1673 516 1732 trouvent
543 1660 614 1730 rien
634 1659 676 1730 de
693 1661 807 1734 mieux
828 1658 1009 1755 dopposer
1030 1658 1110 1728 tce

12 1773 14 1928 ἱ
74 1766 288 1867 te'moignage,
302 1798 321 1843 a
336 1774 503 1869 pre'tendu
524 1799 591 1871 que
609 1789 698 1846 cette
714 1776 823 1872 partie
839 1775 881 1846 de
899 1773 931 1846 la
950 1773 1048 1846 lettre
1067 1775 1111 1846 de

71 2023 163 2098 souge
178 2003 264 2074 daus
285 2030 345 2076 son
369 2004 483 2078 'fraite
500 2005 543 2078 de
562 2005 749 2100 Africano
774 2007 935 2082 ecolesioe
954 2003 1112 2080 remano

69 2121 375 2217 appellationibus,
389 2123 489 2222 chap.
512 2121 570 2196 25.
646 2169 649 2172 ·

12 2279 14 2318 i
109 2241 194 2310 Vers
212 2238 281 2310 l’au
297 2236 389 2335 493,
409 2238 440 2310 le
457 2264 543 2337 pape
562 2241 649 2314 seint
667 2240 789 2314 Gttsse
805 2239 1011 2340 s’exprimuit
1026 2243 1110 2314 ainsi

69 2349 142 2423 dans
160 2380 197 2426 sa
212 2353 342 2426 lettrea
361 2359 484 2428 Fauste
500 2383 508 2428 ε
525 2381 542 2426 n
558 2358 626 2455 Ipsi
641 2372 722 2428 sunt
732 2383 879 2446 canones
890 2360 950 2455 qui
961 2357 1110 2456 appella·

68 2468 169 2544 tiones
192 2472 298 2542 totius
320 2469 475 2544 Ecclesiae
501 2472 543 2544 ad
571 2473 673 2568 hujus
698 2473 786 2544 sedis
811 2498 953 2545 examen
973 2474 1109 2546 voluere

66 2581 201 2676 deferri,
217 2589 346 2685 abipsa
363 2613 441 2658 vero
465 2615 632 2686 nusquam
656 2615 795 2684 prorsus
811 2590 974 2689 appellari
989 2590 1109 2663 debere

66 2719 252 2776 sanxerunt.
271 2731 288 2774 n
302 2709 406 2778 *ta
425 2706 535 2776 meme
552 2707 698 2777 maxime
726 2732 760 2778 se
786 2721 944 2778 retrouve
970 2706 1053 2778 dans
1072 2733 1108 2778 sa

64 2813 155 2888 lettre
173 2819 236 2890 Ad
246 2822 429 2917 episcopos
445 2818 643 2892 Durdum'oe
658 2848 668 2892 .·
686 2847 704 2890 tt
722 2822 774 2894 Ad
792 2821 883 2892 iiiam
900 2822 942 2892 de
958 2822 1109 2918 qualibet

62 2939 173 3011 muudi
192 2955 289 3036 parte
307 2964 455 3012 cationes
472 2938 633 3038 appellari
651 2938 847 3028 voluerunt,
862 2942 907 3012 ab
924 2939 981 3012 itta
996 2957 1107 3014 autem

63 3077 156 3126 nemo
179 3071 230 3126 est
250 3054 419 3152 appellare
437 3058 667 3153 permissus.»

104 3173 191 3242 Vers
214 3169 279 3242 fau
297 3167 388 3260 520,
404 3173 616 3268 tdmoignage
630 3172 673 3242 de
689 3174 778 3243 saint
794 3174 886 3262 Avis,
901 3175 1110 3272 archevdque

61 3283 96 3356 de
113 3289 265 3376 Vienne,
281 3302 473 3360 constatsnt
491 3287 522 3358 le
542 3287 633 3359 droit
652 3287 825 3384 pontifical
840 3289 882 3360 de
899 3293 1050 3364 recevoii·
1063 3291 1110 3363 fes

60 3405 180 3501 appels.
193 3447 241 3460 -
254 3405 352 3476 Saiut
367 3405 448 3476 Avis
470 3405 559 3476 avait
576 3403 764 3475 dondanine
788 3429 834 3474 un
849 3406 954 3500 jeune
973 3407 1110 3478 homme

59 3518 125 3592 tta
148 3523 327 3617 penitense
353 3520 528 3620 publique.
555 3523 605 3592 Lo
634 3521 738 3614 jeune
761 3521 896 3590 homme
920 3547 1058 3615 menaea
1080 3522 1110 3592 fe

59 3638 141 3709 saint
157 3639 368 3732 arehevdque
391 3636 467 3708 tl’en
485 3635 622 3733 appeler
641 3639 659 3707 ὲ
678 3640 795 3708 Rome.
821 3639 887 3708 Sur
910 3639 989 3731 quoi
1021 3640 1110 3708 saint

58 3757 132 3824 Avit
143 3752 321 3851 s’exprime
332 3754 417 3824 ainsi
431 3753 515 3824 dans
528 3779 564 3824 sa
581 3753 679 3824 lettre
693 3754 712 3824 ὲ
727 3753 962 3825 Ansemonde:
979 3783 998 3821 e
1012 3755 1109 3828 Licet

57 3868 200 3942 diversas
226 3873 332 3940 inme
356 3870 508 3940 flammas
524 3883 674 3956 evomat,
694 3884 729 3938 et
748 3868 789 3938 ad
807 3871 970 3940 Romanas
992 3870 1105 3942 forsan

55 3989 207 4060 Ecclesiae
229 3987 436 4058 audientiam
451 4003 564 4075 vocet,
588 4013 651 4058 nec
664 3988 773 4060 minas
786 3986 1019 4060 adsentatione
1036 3988 1108 4084 plu·

54 4105 152 4195 cabo,
179 4131 244 4198 nec
273 4105 488 4200 fatigationes
517 4106 647 4176 itineris
671 4105 823 4177 verebor.
841 4133 859 4170 s
888 4107 936 4174 Ce
955 4103 1024 4174 seul
1044 4103 1106 4176 fait

55 4245 180 4312 prouve
208 4246 275 4316 que
302 4220 349 4290 les
376 4219 491 4320 appele
519 4247 560 4292 au
586 4247 671 4318 pape
704 4221 828 4293 etaient
858 4246 899 4290 en
928 4245 1030 4316 usage
1061 4245 1104 4296 en

12 1937 13 1944 κ
72 1886 146 1958 saint
161 1890 256 1960 Leon
273 1886 388 1960 n’e'tait
403 1915 464 1987 pas
477 1891 710 1988 authentique.
724 1890 824 1964 Wolf
837 1890 945 1964 refuto
965 1917 1004 1962 ce
1016 1916 1111 1961 men·
1230 1895 1232 1900 ’
