2806 5024
279 459 346 530 232
624 463 816 530 rnotsrirarn
842 481 982 528 enarra.

275 637 418 682 rnrarrae
435 611 527 680 urhis
539 612 760 706 episcopum,
778 624 810 678 et
832 611 981 682 Orientis
1008 624 1110 704 atquc
1127 609 1306 683 Occidentis

261 758 292 794 -α
312 727 480 823 synodicis
504 726 808 801 consultationibus
827 725 1080 821 responderem.
1101 758 1118 794 s
1142 727 1254 822 (Epist.
1270 751 1304 812 a,

276 875 293 910 «
312 844 354 915 ad
374 845 589 940 Agenichiam
611 841 772 936 viduam.)

325 963 372 1030 Le
391 975 507 1032 savant
526 959 613 1034 Chr.
625 955 789 1028 Wolffait
804 981 863 1030 sur
882 983 919 1031 ce
936 983 1073 1054 passage
1090 959 1137 1030 les
1150 959 1309 1028 re‘ssexions

276 1077 472 1148 suivantes:

321 1197 480 1284 «Errant
497 1193 556 1286 qui
574 1192 765 1262 existimant
783 1191 1058 1290 (Hieronymum)
1077 1193 1179 1264 fuisse
1198 1186 1310 1282 simpli·

278 1334 387 1378 «cem
410 1309 640 1378 secretarium.
659 1308 820 1382 Notanda
841 1324 918 1380 sunt
940 1309 1011 1403 ejus
1034 1308 1135 1378 verba
1154 1302 1313 1402 synodus

275 1436 297 1490 α’
313 1422 626 1496 consultationibus
644 1451 652 1494 s
671 1427 831 1496 evincunt
853 1427 987 1522 quasvis
1010 1424 1209 1496 non·solum
1226 1419 1313 1494 Occi·
1336 1427 1337 1432 ’

282 1570 299 1605 «
319 1541 426 1611 dentis
446 1541 549 1610 sedet
570 1542 720 1612 Orientis
734 1541 880 1637 synodos
897 1541 939 1612 ad
954 1567 1076 1638 papam
1090 1567 1221 1638 semper
1237 1552 1314 1610 retu·

280 1687 296 1722 r
316 1656 405 1726 lisse.
425 1687 440 1720 r>
459 1653 601 1750 (Dictat.
623 1659 657 1726 S.
681 1659 781 1752 Grcg.
805 1660 888 1746 VII,
904 1657 947 1728 ad
968 1681 1046 1728 can.
1065 1659 1138 1753 21.)

326 1775 477 1866 Lorsquc
497 1769 528 1842 le
547 1773 655 1841 mdma
669 1772 759 1842 saint
775 1771 910 1842 thome
930 1772 1033 1844 doute
1051 1770 1099 1842 s’il
1114 1772 1164 1844 lui
1183 1786 1232 1842 est
1251 1793 1318 1865 per-

280 1888 343 1958 mis
360 1887 402 1956 ds
421 1886 493 1956 dire
514 1885 594 1982 qu’il
612 1915 632 1982 y
649 1890 826 1960 aenDicu
845 1891 929 1960 trnc's
944 1888 1172 1986 hypostases,
1191 1887 1267 1957 c'est
1281 1907 1317 1954 au

281 2025 367 2097 pape
392 2001 472 2096 qu'il
496 2002 657 2074 s’adressc
680 2003 726 2075 du
750 2004 831 2074 fond
851 2005 893 2074 de
911 2003 941 2076 la
962 2003 1149 2093 palestine,
1171 2018 1204 2074 et
1222 2001 1243 2071 il
1264 1995 1320 2068 dd-

233 2135 235 2138 ’
281 2115 371 2191 clarc
387 2143 453 2212 que
471 2117 502 2186 la
521 2115 669 2188 ddcision
688 2118 780 2190 seule
798 2120 842 2188 dn
859 2145 944 2215 pape
958 2135 1039 2216 peut
1055 2119 1085 2190 le
1105 2115 1320 2214 tranquilliser

282 2233 300 2302 h
317 2247 370 2302 cet
386 2234 502 2328 e'gard.
520 2238 734 2331 Rapportons
752 2261 803 2306 scs
821 2262 961 2332 propres
978 2235 1132 2332 paroles:

334 2379 351 2414 a
369 2349 448 2420 ideo
462 2351 550 2432 ¹mihi
569 2352 765 2422 cathedram
784 2354 875 2423 Petri
892 2368 926 2423 et
942 2353 1042 2424 fidem
1067 2353 1252 2450 apostolico
1272 2373 1322 2420 ore
1369 2361 1372 2372 '

284 2464 484 2536 «laudatam
502 2468 617 2538 censui
636 2467 892 2555 consulendam3
911 2469 988 2540 inde
1006 2497 1097 2541 nuuc
1114 2472 1235 2542 animae
1251 2489 1322 2536 mea

286 2612 302 2646 a
322 2581 493 2677 postulans
509 2583 726 2677 cibum-unde
740 2585 821 2654 oiim
837 2585 964 2656 Christi
979 2587 1179 2658 vestimenta
1192 2582 1322 2677 suscepi.

285 2727 302 2763 (ι
321 2701 440 2793 Neque
457 2724 535 2769 vero
551 2701 801 2778 tantavastitas
818 2701 974 2772 elementi
991 2700 1162 2798 liquentis,
1180 2719 1213 2774 et
1231 2706 1323 2772 inter·

285 2815 432 2908 «jacens
454 2814 632 2910 longitudo
649 2830 838 2904 terrarum,
858 2841 912 2886 me
932 2842 950 2886 a
970 2818 1124 2913 pretiosae
1143 2817 1324 2916 margarita

285 2961 301 2996 α
324 2933 434 3024 potuit
464 2929 682 3023 inquisitione
699 2932 891 3026 prohibere.
907 2934 1123 3030 Ubicumque
1141 2937 1243 3008 fuerit
1259 2958 1326 3005 cor-

286 3072 303 3106 «
324 3069 404 3139 pus,
425 3041 505 3113 illuc
523 3044 823 3137 congregabuntur
843 3060 876 3114 ct
895 3046 1025 3140 aquiiae.
1041 3049 1227 3145 Profligato
1242 3075 1260 3118 a
1275 3072 1326 3116 so-

286 3188 302 3220 «
322 3157 396 3228 boic
414 3154 500 3226 mala
521 3159 745 3252 patrimonio,
760 3160 848 3254 apud
872 3186 929 3230 vos
949 3160 1037 3232 solos
1060 3165 1255 3261 incorrupta
1274 3165 1328 3232 Pa·

274 3303 301 3348 ,α
323 3290 411 3342 trum
427 3288 580 3344 servatur
594 3274 797 3346 hereditas...
816 3279 886 3347 Vos
900 3279 978 3346 estis
993 3276 1051 3348 hrx
1063 3282 1200 3372 mundi,
1216 3307 1271 3350 vos
1285 3275 1325 3348 sal

284 3419 301 3454 ιι
321 3406 427 3461 terrac.
443 3391 659 3484 Quamquam
678 3392 783 3487 igitur
798 3394 847 3462 tui
859 3417 911 3493 me
927 3408 1050 3463 terreat
1065 3397 1327 3491 magnitudom-

230 3551 232 3556 -
284 3533 301 3570 ιι
320 3507 403 3575 vitat
418 3521 530 3577 tamen
548 3506 778 3578 humanitas...
795 3533 815 3577 a
834 3519 968 3602 pastore
986 3511 1182 3604 praesidium
1200 3515 1272 3584 oris
1285 3509 1327 3580 ef·

274 3609 298 3688 ⁴«
320 3623 446 3717 flagito.
462 3625 614 3692 Facessat
631 3623 758 3692 invidia
771 3649 779 3692 ε
794 3626 925 3694 romani
941 3625 1096 3696 culminis
1111 3629 1250 3701 recedat
1262 3653 1326 3700 am·

282 3738 400 3808 abitio
423 3766 431 3808 :
451 3763 529 3808 cum
557 3739 953 3835 successore,·piscat0ris
980 3755 1014 3810 et
1039 3740 1208 3838 discipulo
1226 3745 1328 3823 crucis

281 3883 298 3918 a
320 3853 450 3948 loquar.
474 3857 549 3950 Ego
566 3852 696 3924 nullum
719 3856 866 3950 primum
891 3857 955 3926 nisi
979 3859 1152 3929 Christum
1171 3885 1326 3956 sequens,

262 3998 298 4033 .«
319 3969 523 4045 beatitudini
547 3967 633 4058 tuae,
657 3971 689 4038 id
715 3986 764 4041 est
789 3971 959 4042 cathedra
983 3977 1072 4044 Petri
1096 3979 1328 4047 communione

281 4087 505 4154 «consocior.
525 4085 635 4180 Super
657 4084 748 4156 illam
774 4103 904 4184 petram
931 4087 1128 4162 aedificatam
1150 4091 1327 4163 Ecclesiam

271 4230 296 4285 ⁸a
318 4203 397 4274 scio.
418 4201 634 4295 Quicumque
648 4217 741 4272 extra
762 4203 849 4274 hanc
868 4205 1008 4278 domurn
1029 4231 1154 4299 agnum
1170 4207 1327 4280 comede-
