2806 5026
141 533 144 542 ·
237 505 459 571 osdnxrrons
483 523 530 571 nu
553 523 702 572 coneum
723 526 845 594 enom,
865 529 939 575 nnc.
1041 511 1104 592 dni

87 651 333 721 «controversiis
355 665 445 719 recte
465 649 592 720 habere
613 652 721 722 visum
744 669 815 744 est,
845 669 881 723 ut
904 655 1020 751 synodi
1041 661 1113 751 epi-

7 797 9 890 y
88 787 282 859 «scoporum
307 769 339 835 in
365 791 567 862 unaquaque
589 769 764 862 provincia
781 769 865 839 fiant
882 771 932 839 his
952 771 985 839 in
1009 796 1116 862 anno;

84 879 200 950 «semel
216 882 350 976 quidem
367 897 442 979 post
461 885 591 952 tertiam
608 883 854 956 hebdomadam
874 885 950 954 festi
970 889 1114 976 Paschae,

83 1023 96 1057 α
111 1011 142 1066 ut
156 1014 268 1092 quarta
287 1001 505 1072 hebdomadae
517 1005 729 1070 Pentecostes
743 999 941 1094 perficiatur
955 1003 1113 1098 synodus,

81 1116 361 1210 «metropolitano
392 1114 615 1212 provinciales
641 1115 814 1210 episcopos
835 1115 1039 1204 admonente
1063 1145 1113 1190 se·

79 1229 239 1300 «cunilam
272 1231 440 1328 synodum
464 1232 578 1301 idibus
608 1231 757 1301 octobris
780 1227 951 1321 futuram,
977 1237 1034 1328 qui
1063 1251 1114 1307 est

80 1369 93 1403 «
108 1342 247 1416 decimus
275 1348 534 1444 hyperberetaei3
557 1361 595 1417 ut
618 1347 653 1415 in
678 1346 729 1415 his
758 1347 838 1441 ipsis
859 1347 995 1442 synodis
1018 1375 1113 1420 acce-

7 1493 8 1496 *
78 1459 182 1530 «dant
198 1465 383 1559 presbyteri
401 1477 434 1533 et
454 1463 586 1532 diaconi
605 1477 638 1531 et
659 1461 851 1556 omnesqui
870 1487 905 1531 se
922 1465 1046 1557 injuria
1065 1468 1115 1535 af-

77 1573 201 1645 «sectos
218 1593 341 1673 putant
360 1593 394 1648 et
412 1603 430 1647 a
452 1575 579 1672 synodo
603 1575 768 1671 judicium
792 1593 1031 1671 assequantur3
1051 1607 1113 1651 nec

77 1687 176 1760 sullis
197 1691 296 1763 liceat
320 1693 464 1790 synodos
485 1706 546 1790 per
565 1691 722 1762 sefacere
743 1693 813 1761 sine
830 1695 869 1761 iis
888 1695 1011 1789 quibus
1034 1713 1114 1767 sunt

76 1806 229 1877 «creditne
248 1808 463 1906 metropoles.
481 1839 499 1875 »
514 1809 651 1902 (Muxsi,
673 1823 698 1877 t.
719 1811 770 1898 tl,
787 1835 822 1904 p.
846 1797 964 1906 1315.)

114 1924 158 1990 Ce
175 1939 267 1997 texte
284 1925 392 1996 forme
408 1925 441 1995 le
457 1947 565 1994 canon
584 1927 732 2019 Propter
751 1925 1011 1996 ecclesiasticos
1025 1927 1066 1997 de
1081 1930 1112 2000 la

78 2033 126 2106 18⁰
142 2037 338 2111 distinction
353 2041 399 2110 du
415 2039 530 2112 ddcret
546 2039 587 2110 de
605 2041 759 2111 Gratien.

111 2151 187 2224 L’an
213 2153 301 2246 451,
328 2155 359 2226 le
378 2157 506 2226 concile
530 2153 764 2250 oecumenique
791 2156 832 2225 de
864 2155 1110 2245 Chalce'doine‚

72 2263 142 2338 dans
163 2295 224 2341 son
249 2281 305 2370 19²
322 2273 492 2368 chapitre,
508 2267 663 2367 employa
677 2269 725 2340 les
740 2272 951 2366 expressions
972 2271 1019 2342 les
1037 2272 1113 2369 plus

70 2377 258 2483 inergiques
280 2414 368 2484 pour
382 2411 511 2485 presses
525 2385 725 2455 l'execution
745 2387 787 2454 de
806 2411 844 2456 ce
867 2385 1002 2456 decret:

108 2505 297 2575 «Pervenit
315 2504 357 2574 ad
374 2527 471 2573 aures
490 2517 621 2571 nostras
642 2501 735 2595 quod
751 2503 785 2596 in
807 2505 989 2597 provinciis
1011 2529 1113 2575 cano-

71 2643 84 2678 s
99 2619 195 2690 nibus
202 2623 397 2692 constitutae
406 2619 640 2714 episcoporum
653 2617 770 2712 synodi
785 2643 853 2686 non
873 2618 1011 2708 fiant,et
1023 2647 1111 2693 exeo

70 2758 84 2794 α
99 2735 200 2808 multa
219 2735 444 2807 ecclesiastica
463 2731 683 2828 negliguntur
700 2756 774 2826 quae
796 2737 1006 2804 correctione
1024 2737 1113 2806 indi-

68 2867 181 2944 «gent.
208 2854 338 2924 Statuit
362 2875 444 2945 ergo
466 2847 747 2943 sanctasynodus
770 2850 954 2919 secundum
978 2867 1112 2922 sancto-

67 2991 81 3028 s
96 2991 168 3038 rum
183 2973 328 3040 Petrum
343 2990 489 3036 canones
502 2979 541 3033 ut
555 2963 658 3056 bisin
673 2988 764 3033 anno
776 2965 931 3034 eumdem
949 2967 983 3035 in
1001 2965 1112 3038 locum

68 3077 301 3156 «contentam
323 3083 590 3176 uniuscujusque
611 3081 793 3176 provincie
814 3083 962 3180 episcopi
984 3098 1021 3154 ut
1043 3111 1112 3154 me-

66 3225 80 3259 n
99 3201 327 3299 tropolitanus
344 3197 462 3268 melius
476 3221 546 3266 esse
561 3195 792 3292 perspexerit,
809 3213 842 3266 et
858 3197 990 3293 singula
1008 3225 1113 3269 emer·

65 3342 79 3378 «
94 3320 206 3412 gentis
225 3317 411 3411 corrigant.
429 3315 588 3411 Episcopi
607 3329 719 3384 autem
732 3315 790 3410 qui
805 3339 874 3382 non
893 3317 1112 3402 conveniunt,
1177 3349 1180 3354 ·

65 3435 119 3502 «si
137 3435 173 3504 in
191 3433 311 3503 eadem
330 3429 511 3528 metropoli
527 3446 706 3502 versentur
728 3443 830 3524 atque
849 3430 933 3499 adeo
953 3433 1023 3499 sani
1046 3433 1115 3500 sint

63 3578 77 3612 n
92 3566 124 3620 et
144 3554 187 3622 ab
209 3545 304 3621 oiirni
331 3548 551 3618 inexcusabili
575 3563 609 3617 et
631 3546 818 3617 necessario
837 3547 972 3642 negotio
997 3545 1113 3634 liberi,

65 3693 80 3728 «
98 3668 248 3739 fraterne
267 3667 574 3765 reprehendantur.
591 3693 607 3730 »
623 3664 757 3757 (Marsi,
771 3677 797 3733 t.
814 3665 893 3751 Vll,
913 3689 947 3758 p.
965 3662 1113 3758 366).-

61 3786 175 3855 Canon
199 3782 242 3857 6⁰
260 3782 349 3854 dela
370 3784 424 3854 18e
446 3783 523 3853 dist.
545 3781 586 3852 de
603 3779 773 3876 Gratien.)

106 3901 132 3972 ll
154 3901 287 3973 results
313 3900 356 3969 de
379 3923 433 3970 ces
451 3914 570 3995 quatre
589 3911 808 3970 monuments
828 3919 893 3990 que
910 3893 941 3964 la
965 3893 1113 3968 cdle'hra-

62 4016 128 4086 tion
148 4013 363 4088 bisannuelle
383 4014 441 4084 des
465 4013 612 4084 conciles
636 4011 856 4109 provinciaux
873 4025 1027 4080 remonte
1046 4013 1064 4081 a
1084 4011 1115 4082 la

61 4132 133 4224 plus
146 4135 256 4204 haute
272 4128 456 4226 antiquitd,
480 4146 512 4201 et
531 4145 604 4201 tout
623 4145 721 4226 porte
743 4128 885 4198 acroire
903 4127 1022 4223 qu’elle
1041 4144 1116 4198 tou·

47 4249 118 4319 che
145 4275 213 4322 aux
238 4265 346 4344 temps
367 4247 612 4343 apostoliques3
631 4272 688 4317 car
708 4272 753 4317 on
773 4269 816 4315 ne
837 4260 957 4316 trouve
977 4269 1116 4314 aucune
