2804 5022
194 441 342 491 concine
361 442 465 492 rnov.
484 443 553 512 ran
573 445 734 492 narronr
750 445 798 494 au
815 447 842 494 s.
858 427 968 496 sitne.
1045 423 1115 500 253

93 565 300 642 «relationem
324 573 576 664 transmittatis;
601 588 638 644 ut
664 574 757 668 quod
782 573 924 646 definire
949 577 1114 672 possimus

92 688 287 758 «recurrenti
312 689 437 784 pagina
453 690 587 784 possitis
602 714 822 786 agnoscere.»

126 803 284 874 Lemtrne
297 829 394 900 pape,
404 803 488 874 dans
502 829 537 874 sa
552 804 652 876 lettre
667 831 734 876 aux
746 807 891 901 evdqnes
904 807 963 880 des
977 808 1114 900 Gaulos,

88 917 168 1008 apres
188 915 260 990 leur
281 921 375 990 avoir
393 920 628 992 recommande
652 921 694 990 de
711 923 800 992 tenir
822 938 899 997 tous
920 923 966 996 les
989 951 1050 998 ans
1069 952 1117 1000 nu

87 1032 216 1124 concile,
237 1060 325 1130 «per
340 1061 447 1106 annos
465 1035 617 1132 singulos
639 1063 679 1108 ex
701 1039 885 1132 provinciis
909 1040 1033 1135 quibus
1051 1069 1117 1138 po-

87 1150 174 1219 tnerit
191 1154 390 1250 congregari
414 1151 579 1224 habeatur
598 1153 784 1249 episcopale
803 1153 1031 1244 concilinm‚a
1051 1174 1119 1230 ter-

12 1299 13 1334 r
85 1265 159 1334 mine
171 1269 253 1338 ainsi
278 1294 316 1338 ce
334 1269 544 1366 paragrapho
559 1295 566 1336 :
583 1273 652 1338 «In
673 1269 871 1340 dirimendis
885 1296 965 1344 sane
981 1274 1117 1368 gravio·

85 1382 193 1452 aribus
222 1387 331 1456 causis
362 1401 396 1455 et
423 1411 498 1481 qnae
526 1385 595 1456 illic
624 1410 693 1456 non
721 1386 896 1482 potuerint
924 1389 1118 1480 terminari,

12 1579 13 1590 ἵ
84 1497 290 1594 «apostolicae
324 1501 412 1572 sedis
439 1502 605 1572 sententia
629 1501 877 1574 consulatur.»
906 1503 1118 1596 (Sirmond,

82 1617 250 1714 t.I‚page
277 1616 378 1714 130.)
427 1691 431 1697 ,

12 1731 13 1800 3
119 1731 207 1804 Dans
230 1759 299 1806 une
313 1749 410 1806 autre
426 1732 524 1805 lettre
545 1734 565 1806 la
582 1735 734 1821 Lenaee,
750 1734 962 1830 archevrlque
977 1731 1120 1826 d'Arles,

81 1839 105 1916 le
123 1851 226 1920 meme
248 1873 338 1948 pape
354 1849 529 1946 s'exprime
551 1852 637 1922 ainsi
658 1880 666 1924 :

12 1977 13 1990 ¹
120 1991 134 2027 a
150 1964 309 2056 Qualiter
320 1981 439 2036 contra
458 1965 747 2062 sedisapostolicae
764 1968 899 2038 veniens
917 1969 1120 2060 constituta,

12 2173 13 2176 Ἴ
82 2079 342 2151 «sacerdotalem
351 2080 549 2152 modestiam
560 2083 745 2152 Mamertus
759 2083 938 2177 episcopus
949 2085 1122 2156 Viennen-

81 2196 146 2266 «sis
160 2199 356 2289 excesserit,
379 2198 570 2272 dilectionis
595 2211 661 2268 tuae
682 2197 861 2270 debuimus
882 2199 1046 2274 relatione
1065 2227 1123 2274 coe·

12 2299 13 2302 ¹
81 2338 94 2372 «
107 2337 319 2406 gnoscere...
339 2313 516 2410 Quidquid
534 2339 624 2386 nunc
640 2314 683 2386 ad
697 2316 853 2386 notitiam
866 2332 1015 2386 nostram
1026 2319 1123 2390 brevi

81 2429 338 2502 «insinuatione
360 2429 507 2502 delatum
528 2445 599 2520 est,
623 2431 658 2500 in
682 2444 852 2502 conventu
874 2430 1038 2528 synodali,
1063 2434 1121 2527 qni

12 2599 13 2644 3
80 2549 293 2620 «secundnm
311 2563 438 2637 statuta
462 2563 578 2618 nostra
602 2550 702 2620 annis
720 2545 862 2644 singulis
878 2563 910 2618 te
925 2547 1123 2642 praesidente

12 2663 13 2668 ’
80 2679 150 2733 «est
164 2665 438 2761 congregandus,
454 2664 618 2736 discutere
633 2689 707 2758 (rurae
722 2678 801 2734 sunt
823 2676 897 2734 acta
915 2662 1073 2755 debebis,
1089 2679 1123 2734 et

80 2805 123 2858 ca
139 2783 303 2877 praedicto
324 2784 489 2853 rationem
513 2780 593 2852 faeti
613 2782 665 2852 sui
686 2781 749 2852 snb
767 2780 923 2852 universo
946 2795 1034 2860 coetu
1054 2781 1122 2852 fra-

78 2923 91 2958 «
107 2901 273 2970 ternitatis
295 2898 450 2994 exigere,
478 2923 516 2968 ac
539 2897 662 2969 deinde
678 2898 831 2969 omnium
859 2895 979 2968 litteris
1000 2911 1122 2968 nostrae

79 3039 92 3072 «
107 3013 263 3088 intimare
283 3015 429 3104 notitiae3
450 3030 490 3084 ut
506 3013 598 3109 quod
616 3014 891 3111 SanctoSpiritn
910 3013 1062 3086 dictante
1072 3029 1128 3087 est·

77 3156 91 3190 κ
105 3127 334 3202 faciendum...
357 3132 563 3204 ordinemus.
577 3161 607 3203 ».

117 3246 197 3314 L'an
216 3245 307 3344 495,
320 3244 349 3316 le
360 3271 444 3341 pape
457 3245 578 3336 Gelase
590 3245 674 3316 dans
688 3271 723 3316 sa
737 3245 837 3316 lettre
850 3243 903 3318 nd
910 3244 1123 3318 Dardanos:

115 3364 225 3436 «Non
254 3361 435 3430 reticemus
462 3376 572 3432 autem
592 3359 707 3456 <qnod
731 3376 851 3432 cuncta
877 3385 937 3456 per
957 3362 1123 3433 mnndum

75 3478 193 3546 «novit
211 3473 381 3572 Ecclesia)
392 3477 565 3572 quoniam,
580 3474 813 3571 quorumlibet
825 3477 1002 3563 sententiis
1020 3477 1122 3574 ligata

75 3617 88 3652 a
104 3594 319 3686 pontificum,
337 3591 432 3662 sedes
454 3597 492 3664 B.
519 3593 609 3664 Petri
638 3591 780 3687 apostoli
796 3592 857 3686 jus
882 3591 1004 3663 habeat
1019 3591 1124 3663 resol-

75 3733 88 3768 «
103 3710 220 3798 uendi,
240 3723 360 3806 utpote
383 3707 474 3804 quod
491 3708 532 3778 de
552 3709 644 3780 omni
664 3707 804 3778 ecclesia
824 3706 874 3778 fas
892 3706 1014 3780 habeat
1029 3707 1123 3800 jndi-

78 3849 92 3884 a
107 3828 225 3924 candi,
243 3851 354 3921 neque
373 3825 595 3920 cuiquamde
609 3825 682 3918 ejus
699 3823 797 3896 liceat
811 3822 964 3917 judicare
981 3823 1122 3918 jndicio.

75 3943 294 4037 «Siquidem
317 3941 360 4018 ad
382 3940 473 4010 illam
498 3941 539 4010 de
556 3938 705 4034 qualibet
726 3938 844 4008 mnndi
864 3953 960 4034 parte
979 3965 1124 4010 canones

76 4056 266 4152 «appellari
286 4056 478 4144 voluerunt,
499 4057 541 4126 ab
557 4054 612 4148 illa
629 4071 742 4124 antem
761 4080 860 4134 nenio
884 4057 927 4125 sit
954 4053 1123 4152 appellare

75 4174 354 4268 «permissus...,..
368 4171 432 4252 Sed
449 4197 510 4246 nec
527 4171 583 4244 illa
598 4173 807 4274 praeterimus
827 4171 918 4272 quod
936 4169 1123 4272 apostoliea
