2910 5038
495 505 499 513 “
523 494 764 560 ciuesromm..
1101 489 1170 590 59¹5

123 652 212 710 mate
235 639 402 710 resideant
430 655 530 734 prout
554 641 756 736 disposuerit
777 642 917 735 prinms,
942 641 1006 710 boc
1027 657 1076 712 est
1098 659 1174 738 post

122 759 315 853 episcopos,
343 755 395 826 vel
415 759 503 827 inter
521 757 670 828 abbates.
695 755 828 845 Deinde
849 757 941 828 dicat
966 758 1174 828 archidiaco-

19 861 22 866 ’
123 899 210 944 nus:
230 873 430 946 Procedant
447 873 613 946 cltitconec
636 890 671 944 ct
694 879 815 944 cceteri
831 873 960 946 clcn‘ci.
985 881 1082 948 Tunc
1107 879 1177 950 dia-

124 1016 224 1062 cones
245 1005 281 1060 ct
294 991 450 1062 monachi
465 1005 498 1060 et
516 991 626 1061 caeteri
650 989 763 1060 clerici
783 992 928 1080 intrant3
943 993 1064 1064 deinde
1080 993 1177 1068 electi

124 1106 200 1176 laici
223 1131 308 1202 quos
326 1109 451 1201 primas
471 1106 633 1195 voluerit,
655 1107 852 1176 nominatim
875 1107 918 1176 ab
937 1109 1177 1182 archidiacono

123 1237 290 1297 vocantur
314 1238 347 1293 et
374 1219 524 1312 intrant,
556 1238 591 1294 et
618 1223 789 1292 clauditur
817 1223 932 1317 janua.
956 1227 1053 1294 'l‘unc
1080 1226 1178 1319 jubet

123 1340 249 1433 primas
275 1339 514 1413 archidiacono
538 1340 686 1410 vestibus
712 1339 814 1408 sacris
837 1339 931 1410 indui
952 1364 1029 1408 cum
1053 1340 1178 1416 dalma·
1234 1365 1238 1374 ·

123 1457 203 1541 tica,
218 1470 251 1525 et
269 1479 345 1524 cum
371 1456 500 1524 steterit
520 1471 600 1524 ante
626 1454 747 1543 altare,
764 1455 846 1525 dicit
872 1454 998 1526 excelsa
1020 1481 1102 1526 voce
1124 1483 1178 1527 ar·

123 1569 343 1638 chidiaconus
356 1569 595 1664 antiphonam,
610 1568 770 1656 Enuudi,
783 1571 947 1658 Domine,
958 1595 1036 1640 cum
1049 1571 1177 1665 psaltim

124 1684 269 1756 Salvum
279 1709 336 1754 me
346 1684 428 1780 suc,
444 1691 554 1757 Deus.
572 1685 706 1756 Deinde
722 1686 834 1755 innuit
849 1688 973 1780 primas
992 1688 1045 1756 cui
1063 1686 1179 1758 volue-

125 1802 189 1888 rit,
210 1817 270 1871 aut
283 1802 324 1870 de
343 1803 526 1897 episcopis,
544 1817 605 1873 aut
626 1801 667 1870 de
680 1801 880 1886 abbatibus,
906 1815 944 1870 ut
969 1802 1107 1898 incipiat
1133 1801 1179 1872 le·

125 1917 251 1988 taniam
271 1915 497 2005 moduland03
527 1933 562 1987 et
584 1916 716 1988 dicatur
739 1915 863 1986 letania
883 1917 917 1985 in
945 1942 1015 1986 uno
1037 1916 1111 1988 loco
1135 1919 1177 1988 ab

124 2034 284 2102 omnibus
313 2032 497 2121 stantibus,
521 2033 622 2102 versis
648 2031 798 2103 vultibus
824 2032 867 2102 ad
896 2031 1020 2120 altare,
1044 2035 1112 2104 sire
1136 2035 1180 2104 ad

126 2151 304 2218 orientem.
331 2152 374 2218 Et
406 2173 484 2218 cum
509 2147 605 2220 finita
633 2149 757 2238 fuerit,
786 2150 899 2218 innuit
918 2151 1044 2244 primas
1069 2152 1180 2222 archi·

126 2267 284 2362 episcopo
301 2262 352 2334 vel
370 2265 429 2334 uni
450 2291 491 2334 ex
507 2266 698 2335 senioribus
721 2280 760 2335 ut
775 2265 877 2353 dicat,
896 2269 1056 2336 Oremur.
1082 2269 1179 2336 Tuuc
1233 2325 1236 2334 .

125 2381 288 2452 diaconus
304 2379 410 2448 dicit:
430 2379 636 2450 Flectomus
649 2405 782 2478 genua.
799 2381 897 2449 Tunc
914 2405 1042 2467 omnes,
1061 2382 1178 2475 positis

126 2497 283 2594 genibus,
298 2494 425 2566 diutius
448 2494 627 2592 profundis
646 2496 827 2592 gemitibus
841 2479 874 2564 et
889 2493 1043 2590 lacrymis
1062 2514 1179 2587 orant,
1280 2589 1282 2594 ι
1317 2547 1319 2550 -

127 2639 190 2684 nec
205 2627 285 2683 ante
301 2612 384 2682 dicit
401 2611 579 2696 diaconus,
612 2617 753 2694 Levatc,
782 2634 959 2707 quousque
978 2611 1139 2704 jubeatur
1160 2640 1179 2688 a

129 2730 272 2826 primate
293 2754 300 2799 :
320 2743 354 2798 et
368 2743 547 2825 postquam
562 2743 692 2798 secreto
711 2728 841 2799 diutius
855 2728 1042 2813 oraverint,
1062 2728 1180 2824 incipit

127 2847 254 2944 primas
275 2869 295 2914 v
314 2845 470 2940 psalmos,
495 2843 554 2914 Ad
573 2849 763 2914 Dominum
791 2869 870 2914 cum
899 2841 1096 2932 tribularer,
1117 2871 1180 2940 pro

129 2987 211 3059 pace
232 2975 268 3030 et
285 2957 395 3030 salute
414 2962 517 3029 totius
541 2959 717 3045 Ecclesiae3
743 2975 777 3029 et
799 2959 903 3030 finitis
930 2957 1080 3054 psalmis,
1099 2960 1181 3030 dicit

128 3077 311 3149 diaconus:
329 3081 465 3148 Leuote.
483 3078 580 3144 Tunc
603 3101 720 3146 omnes
738 3090 902 3171 surgunt,
921 3090 954 3144 et
978 3075 1059 3144 dicit
1073 3077 1181 3146 archi·

126 3194 304 3289 episcopus
321 3193 432 3287 capita
451 3208 485 3262 et
498 3217 613 3288 preces
631 3217 694 3288 pro
718 3217 818 3290 pace,
838 3207 872 3260 et
892 3189 1129 3279 tribulatione,
1147 3210 1182 3265 et

128 3334 193 3406 pro
208 3310 375 3404 peccatis,
388 3323 422 3378 et
439 3333 503 3404 pro
515 3333 612 3403 rege,
633 3323 667 3378 et
684 3334 747 3404 pro
762 3307 923 3398 Ecclesia,
938 3324 971 3378 et
988 3333 1051 3405 pro
1066 3325 1183 3380 semet·

129 3426 233 3522 ipsis,
256 3437 290 3494 et
309 3423 579 3519 pro-defunctis:

182 3547 242 3612 Da
257 3565 409 3637 paceni,
431 3542 600 3627 Domine,
617 3543 655 3608 in
669 3536 794 3610 diebm
811 3542 955 3612 nostris.

184 3659 265 3728 m'at
274 3681 355 3753 pon
374 3657 413 3725 in
432 3660 563 3727 ot'rtute
578 3671 654 3725 tua.

182 3779 242 3843 Dc
262 3771 376 3865 nobis,
400 3773 563 3857 Domine,
583 3769 759 3842 auxilium
777 3768 821 3840 de
838 3770 1072 3842 tribulatione.

180 3893 232 3960 Et
247 3887 493 3958 emanaverunt
510 3886 563 3956 ml
571 3888 786 3973 Dominum,
805 3887 1164 3960 cumtrilulurentur.

181 4005 409 4076 Peccavimus
431 4029 509 4075 cum
527 4001 696 4100 putribus
719 4005 863 4075 nostris.

184 4123 355 4213 Domine,
377 4145 448 4192 non
470 4120 664 4192 secuudum
679 4135 837 4218 peccata
856 4137 989 4194 nostro.

190 4243 355 4331 Domine,
372 4235 586 4337 sclerimsac
597 4261 725 4340 regem.

992 4363 1029 4419 ³8
