2910 5038
412 487 418 496 ·
522 443 764 514 uisuntur.
1101 439 1167 542 ⁵9¹

123 596 257 666 fletibus
277 607 380 689 atque
398 591 597 690 gemitibus,
621 617 711 662 unus
736 618 776 662 ex
796 590 961 689 episcopis
985 591 1175 664 senioribus

124 735 267 807 surgens
284 709 473 779 cretionem
487 703 599 801 palam
613 705 737 781 fundat
756 705 799 778 ud
818 707 1025 798 Dominum,
1043 709 1174 780 cunctis

124 827 234 898 adhuc
256 827 291 895 in
312 840 404 896 terra
420 823 624 919 jacentibus.
645 823 759 894 Finita
777 825 943 914 oratioue,
958 811 993 896 et
1013 849 1173 920 responso

123 944 166 1014 ab
178 941 336 1012 omnibus
358 945 488 1032 Anien,
508 963 625 1010 rursus
641 937 732 1008 dicat
745 937 1022 1011 archidiaconus:
1038 941 1175 1041 Eripite

125 1083 213 1144 vos;
230 1072 265 1126 et
282 1054 459 1126 confestim
477 1079 595 1124 omnes
612 1069 774 1164 sprgaut,
793 1069 923 1124 etcum
942 1055 1034 1124 omui
1053 1056 1176 1127 timore

124 1176 189 1248 Dei
203 1189 238 1245 et
253 1170 428 1268 disciplina
447 1185 517 1239 tam
536 1171 686 1267 episcopi
705 1195 808 1267 quem
826 1172 1013 1268 presbyteri
1027 1171 1175 1246 sedeant.

124 1294 246 1388 Sicque
267 1289 426 1360 omnibus
446 1289 481 1356 iu
502 1289 571 1358 suis
589 1285 670 1358 loeis
693 1289 728 1358 in
748 1287 885 1360 silentio
898 1288 1172 1379 considentibus,

124 1411 287 1482 diaconus
305 1406 382 1480 nlba
400 1405 541 1475 indutus
559 1404 710 1476 codicem
723 1429 894 1486 canonum
911 1406 946 1476 in
963 1405 1076 1477 medio
1095 1431 1176 1504 pro-

49 1519 52 1526 ’
125 1529 255 1614 ferens,
274 1521 419 1620 capitula
440 1521 481 1592 de
497 1519 649 1600 conciliis
662 1523 802 1620 agendis
821 1524 1038 1619 pronuntiet,
1057 1521 1179 1593 linitis·

112 1668 192 1742 ¹que
219 1640 349 1729 titulis,
369 1635 652 1736 metropolitanus
681 1641 860 1737 episcopus
885 1638 1069 1710 concilium
1094 1636 1180 1710 ello·

48 1769 52 1777 '
125 1774 251 1855 quatur
268 1757 382 1827 dicens
396 1782 404 1824 ι
420 1760 532 1840 Ecce,
555 1756 776 1826 sanctissimi
785 1755 1004 1847 sacerdotes,
1021 1757 1179 1828 rect’tatoe

124 1892 210 1948 sunt
225 1899 272 1946 ex
299 1871 496 1945 canonibus
523 1887 727 1944 sanctorum
743 1877 894 1944 Patrum
924 1875 1109 1944 sententio!
1135 1869 1180 1944 de

125 1992 274 2066 concito
290 1987 498 2062 celebrando
514 2015 525 2058 .·
541 1990 661 2087 siqua
675 1991 784 2090 t'gittn
803 1993 1006 2088 quempiam
1021 2004 1179 2060 vestrum

125 2111 220 2181 ucn'o
238 2120 447 2195 commovet,
466 2129 586 2176 eoram
599 2107 674 2178 suis
678 2103 858 2202 frutribus
868 2121 1059 2204 proponat.
1081 2111 1181 2178 Tunc

126 2228 154 2298 si
173 2225 293 2323 uliquis
312 2247 563 2319 quamcumque
585 2223 758 2318 querelem
776 2237 996 2318 qnne¹contrn
1015 2247 1180 2294 moenem

126 2344 217 2439 agit,
241 2341 278 2409 iu
301 2337 474 2410 audientia
488 2337 687 2408 sacerdotali
705 2336 901 2434 protulerit,
926 2363 996 2408 nou
1024 2339 1118 2432 prius
1136 2337 1180 2412 ud

125 2457 220 2530 aliud
239 2455 431 2528 transeatur
447 2453 656 2550 capitulum,
674 2455 738 2523 nisi
754 2456 902 2550 primum
920 2479 995 2550 quae
1007 2455 1180 2550 proposltu

127 2588 179 2644 est
201 2573 291 2643 actio
313 2571 528 2644 terminetur.
555 2565 643 2641 Nam
673 2571 735 2644 etsi
759 2571 935 2666 presbyter
957 2568 1096 2664 aliquis,
1119 2583 1181 2639 eut

127 2679 311 2774 diaconus,
327 2684 486 2770 clericus,
501 2687 571 2756 sive
590 2685 694 2758 laicus
711 2685 753 2756 de
769 2685 821 2756 his
835 2687 894 2780 qni
910 2685 992 2754 loris
1008 2687 1182 2776 steterint,

125 2804 307 2877 concilium
320 2804 361 2873 de
370 2801 523 2897 qualibet
534 2827 570 2871 re
584 2802 762 2873 crediderit
773 2801 1026 2898 appellandum,
1036 2801 1182 2893 ecclesius

127 2919 398 3016 metropolitanae
426 2917 671 2990 archidiacono
693 2943 830 2990 causam
853 2943 947 2990 suam
972 2919 1126 3008 intimet,
1148 2935 1182 2990 et

127 3037 184 3108 ille
209 3036 353 3108 mucilio
374 3035 569 3109 denuntiet.
600 3038 699 3107 Tunc
719 3035 766 3106 illi
786 3052 819 3108 et
837 3036 1031 3106 introeundi
1049 3050 1083 3104 et
1103 3059 1183 3132 pro·

128 3153 278 3253 ponendi
307 3151 445 3224 licentia
470 3151 684 3222 concedetur.
715 3150 837 3223 Nullus
860 3165 975 3222 nutem
1006 3151 1183 3249 episcopo·

128 3295 206 3342 rum
224 3295 244 3344 c
264 3283 355 3340 coetu
372 3261 546 3340 communi
567 3267 701 3341 secedat
723 3284 906 3365 autequam
920 3270 1004 3339 hore
1018 3266 1184 3364 generalis

129 3388 325 3458 secessionis
339 3383 504 3454 adveniat.
539 3383 730 3453 Concilium
746 3407 885 3480 qnoque
913 3383 1027 3455 nullus
1054 3383 1185 3454 solvere

130 3505 273 3591 audeat,
290 3503 353 3574 nisi
366 3501 492 3572 fuerint
507 3513 631 3568 cuncte
646 3497 884 3590 determinata3
903 3501 949 3572 itu
963 3489 1001 3570 ut
1016 3523 1186 3595 qnaecnm-

129 3645 197 3717 que
214 3619 455 3691 deliberatione
465 3615 637 3690 communi
653 3613 834 3704 liniuntur,
857 3617 1097 3712 episcoporum
1115 3617 1185 3688 sin·

131 3737 290 3835 gulorum
311 3736 468 3805 manibus
484 3727 751 3802 subscribentur.
766 3735 863 3803 Tunc
882 3735 973 3804 euim
994 3737 1087 3808 Dens
1107 3755 1185 3805 suo·

130 3879 208 3926 rum
234 3851 448 3922 sacerdotum
476 3847 623 3918 concilio
641 3849 802 3920 iuteresse
827 3850 1015 3921 credendus
1043 3863 1110 3936 eu,
1139 3849 1185 3938 si,

132 3969 283 4040 tumultu
313 3969 406 4037 ornni
435 3966 588 4061 abjscto,
620 3962 762 4036 sollicito
793 3979 895 4062 atque
919 3963 1102 4062 tranquille
1128 3991 1187 4036 cc·

129 4084 315 4157 clesiesticu
342 4086 478 4180 negotia
510 4080 749 4152 terminentur.
780 4083 978 4179 (Martene,
1007 4081 1051 4153 de
1076 4083 1187 4180 antiq.

130 4202 258 4280 Eccles-
281 4199 390 4292 ritib,
409 4195 468 4272 lib.
485 4203 551 4289 III,
571 4225 602 4270 c.
628 4219 661 4290 r,
680 4213 764 4270 tom.
784 4201 828 4290 ll,
846 4225 880 4297 p.
902 4197 1006 4298 309.)
