2804 5022
296 470 367 565 272}
415 483 417 487 ’
636 467 829 534 ruotsrbna
855 486 994 534 enarra.

295 650 313 687 a
328 613 481 716 quamvis
499 629 533 688 et
552 613 580 687 si
599 609 710 686 sedem
728 609 947 713 apostolicam
966 607 1157 685 nullatenus
1176 608 1315 710 appellas-

216 725 219 730 *
295 745 392 828 eset,
422 748 541 806 contra
569 743 620 803 tot
638 747 751 828 tamen
780 739 926 802 et'tanta
951 756 1010 800 vos
1031 725 1205 802 decretalia
1222 725 1318 799 efferri

235 885 238 892 ¹
295 882 313 918 a
328 865 468 940 statuta,
482 864 515 918 et
533 845 730 948 episcopum
748 846 948 918 inconsultis
963 845 1062 915 nobis
1080 843 1243 941 deponere
1259 841 1322 913 nul·

294 999 311 1036 a
328 963 363 1038 lo
375 966 476 1038 modo
490 963 663 1035 debuistis.
677 963 781 1054 Quod
797 977 908 1034 tamen
924 989 1026 1033 vos...
1043 961 1261 1056 postposuisse
1274 957 1322 1028 do·
1392 1021 1393 1026 ,

293 1086 450 1171 alemus,
474 1095 508 1152 et
529 1079 738 1150 diversorum
759 1073 1053 1174 sedisapostolicae
1074 1075 1252 1176 praesulum
1275 1071 1323 1142 de·

290 1229 307 1266 a
323 1215 415 1270 creta
433 1198 468 1267 in
485 1195 551 1266 hoc
566 1221 626 1266 vos
644 1195 884 1288 contempsisse
902 1199 1058 1292 negotio,
1083 1223 1152 1266 non
1172 1189 1323 1265 immerito

226 1337 227 1340 ’
291 1346 307 1382 a
320 1310 634 1412 reprehendimus..
643 1311 717 1381 Hoc
727 1308 820 1407 quod
833 1336 919 1406 saepe
930 1327 1211 1383 commemoratus
1221 1311 1255 1380 B.
1265 1308 1323 1377 Leo

290 1426 620 1528 «apostolicaesedis
647 1426 786 1504 antistes
816 1421 859 1497 ad
881 1430 1099 1498 Anastasium
1126 1419 1326 1498 Thessaloni-

289 1536 452 1618 acensem
466 1543 756 1640 archiepiscopum
770 1543 901 1636 scribit,
917 1541 1141 1640 quorumdam
1152 1557 1324 1614 vestrorum

288 1659 617 1761 «praesumptionem
644 1655 873 1756 potentissime
893 1656 1004 1730 ferit...
1031 1663 1079 1730 ait
1107 1659 1223 1730 enim:
1252 1659 1325 1726 Cum

288 1779 456 1878 tannasara
474 1779 615 1878 negotia
646 1791 681 1876 et
697 1773 922 1871 difficiliores
947 1802 1137 1848 causarum
1158 1775 1272 1848 exitur
1288 1769 1322 1840 li·

287 1895 439 1967 «berum
455 1891 521 1984 n'bt
537 1909 630 1964 esset
644 1887 712 1964 sub
733 1907 865 1994 nastroe
885 1894 1072 1966 sententiae
1091 1893 1324 1992 expectatione
1392 1929 1393 1958 i

287 2045 304 2082 «
317 2009 542 2111 suspendere,
568 2037 634 2082 nec
658 2015 750 2082 ratio
771 2003 837 2082 tibi
852 2036 916 2082 nee
939 2013 1135 2082 necessitas
1147 2011 1228 2108 suit
1243 2009 1278 2079 e'n
1296 1997 1328 2074 id
1392 2038 1393 2046 κ

287 2161 304 2197 «
318 2129 415 2232 qnod
431 2151 635 2200 mensuram
665 2145 762 2228 tuam
795 2125 977 2199 encerlcret
1004 2123 1173 2198 derlandi
1177 2180 1238 2198 .....
1269 2115 1329 2192 Sed

287 2247 461 2320 «etiamsi
474 2241 675 2347 quedlgraee
686 2247 760 2316 ento
761 2243 1013 2345 lerandumque
1026 2249 1259 2318 committeret
1273 2240 1301 2336 (1
1290 2238 1327 2332 1),
1392 2275 1393 2314 r

285 2395 302 2431 a
315 2381 437 2436 nostra
453 2380 531 2434 erat
546 2361 768 2460 expectanda
787 2385 954 2453 censura,
979 2378 1018 2434 at
1033 2362 1162 2434 nrhil'
1145 2386 1224 2460 lpse
1238 2357 1328 2458 prius
1392 2391 1393 2428 t

285 2479 521 2550 «decerneres
545 2504 654 2576 quam
685 2477 774 2576 quid
807 2477 909 2548 nobis
927 2477 1093 2575 placeret
1120 2496 1327 2577 agnosceres.

285 2593 422 2688 «Quod
456 2621 519 2666 nos
551 2619 687 2692 quoque
714 2593 755 2664 de
784 2594 943 2666 Rothado
974 2621 1042 2665 non
1071 2588 1329 2665 irrationabilius

285 2741 302 2776 a
319 2711 429 2782 dicere
444 2735 662 2808 possumus...
683 2725 797 2781 nostra
821 2725 894 2780 erat
912 2709 1117 2805 expectanda
1140 2731 1281 2780 censura
1298 2716 1330 2772 ut

285 2857 302 2932 a
316 2828 401 2897 nihil
424 2828 518 2921 prius
533 2825 756 2896 decerneretis
775 2851 877 2921 quam
896 2825 1094 2921 quidnobis
1112 2825 1263 2923 placeret
1282 2845 1329 2914 ag·

285 2943 507 3015 «nosceretis.
535 2941 600 3014 Sed
626 2941 737 3012 dicitis
752 2941 882 3038 judicia
905 2944 1144 3039 episcoporum
1177 2969 1247 3014 non
1273 2961 1332 3010 esse

285 3088 302 3123 «
316 3061 443 3154 majora
470 3061 605 3156 negotia
630 3085 692 3129 nec
715 3052 923 3129 difficiliores
950 3086 1128 3131 causarum
1148 3061 1271 3130 exitus.
1294 3057 1331 3124 At
1392 3085 1393 3102 ¹

285 3175 517 3244 anoshorum
537 3173 1302 3272 meritoJ'udiciamajorauegotiadicimus...
1317 3198 1331 3232 t
1392 3167 1393 3236 l

333 3289 381 3360 Ici
395 3285 426 3358 le
443 3314 530 3384 pape
544 3286 679 3360 Nicolas
692 3289 754 3359 fait
766 3313 813 3360 un
829 3290 887 3361 des
907 3289 984 3388 plus
997 3291 1107 3360 beaux
1124 3291 1286 3362 tableaun
1299 3283 1332 3354 de
1392 3305 1393 3400 J

280 3388 473 3498 l'dminente
491 3401 619 3501 dignite
636 3405 733 3475 des
716 3408 880 3502 cveques3
897 3409 973 3502 puis
997 3403 1026 3476 il
1046 3424 1185 3478 montre
1211 3432 1276 3503 que
1296 3401 1333 3472 les

283 3546 398 3593 causes
419 3523 640 3616 importantes
660 3520 718 3592 des
747 3521 850 3593 clercs
876 3521 1056 3594 inferieurs
1081 3539 1115 3593 et
1138 3523 1254 3636 meme
1285 3517 1333 3589 des
1392 3535 1393 3618 J

277 3627 452 3734 laiques
426 3638 746 3708 s011tre'serveesau
762 3638 960 3770 jugement
951 3638 1015 3708 du
1017 3640 1117 3709 saint·
1104 3639 1234 3746 siege,
1257 3655 1393 3744 pourJ
1392 3621 1393 3682 l

283 3780 325 3823 eu
342 3727 531 3824 conclure
508 3749 608 3848 qu'a
611 3751 706 3848 plus
737 3753 861 3825 forte
847 3757 960 3826 raison
987 3751 1086 3826 celles
1108 3751 1171 3826 des
1199 3757 1334 3852 aveques
1392 3749 1393 3768 ¹

281 3862 421 3939 doivent
439 3867 524 3960 lui
508 3885 579 3939 etre
597 3865 774 3940 reserve'es.
791 3869 819 3941 Il
837 3868 897 3942 sait
916 3873 1046 3941 ensuite
1065 3877 1281 3970 remarquer,
1298 3891 1333 3938 eu

315 4112 357 4182 (1)
376 4105 454 4162 Saint
466 4105 542 4162 Ldon
556 4100 631 4183 parle
643 4106 678 4164 de
688 4109 809 4184 leveque
820 4107 998 4184 qu’Anastase
1010 4112 1082 4170 avait
1100 4109 1264 4169 condamne'
1275 4127 1332 4168 sans
1392 4109 1393 4166 Ϊ

279 4197 356 4253 avoir
367 4197 494 4254 consulte
505 4196 530 4252 le
542 4197 707 4272 saint-siege.
1392 4171 1393 4218 l
