2910 5038
416 545 420 556 .
526 452 769 524 cantaturus.

132 598 334 684 Peccatores,
357 610 390 666 te.
412 621 587 694 rogamus,
602 599 683 670 audi
701 623 774 674 uos.

131 715 177 782 Ut
193 711 288 781 nobis
304 737 434 808 parcae,
448 728 481 784 te
496 740 668 810 rogamus,
685 716 767 787 audi
788 741 862 786 uos.

130 830 175 897 Ut
193 827 290 898 nobis
309 827 496 926 indulgeas,
517 843 550 902 te
569 857 738 928 rogamus,
757 831 837 903 audi
857 855 931 904 nus.

132 945 176 1012 Ut
200 942 242 1012 ad
263 969 375 1014 veram
398 946 634 1040 poenitentiam
663 972 725 1020 nos
744 948 933 1047 perducere
957 946 1119 1044 digneris,
1143 960 1176 1018 te

176 1084 348 1155 rogamus,
365 1060 445 1130 audi
463 1088 533 1136 uos.
1138 1067 1141 1074 '

128 1177 175 1246 Ut
190 1174 375 1248 Ecclesiam
397 1193 491 1248 tuam
516 1161 667 1253 sanctem
697 1205 812 1276 regere
839 1193 875 1250 et
901 1203 1100 1252 conservare
1126 1180 1193 1250 di·'

173 1293 300 1390 gneris,
326 1307 360 1364 tc
384 1313 553 1390 rogamus,
571 1297 651 1368 audi
675 1321 749 1370 nus.

126 1410 172 1478 Ut
189 1411 366 1480 Domuum
383 1413 616 1507 Apostolicum
632 1428 666 1486 et
680 1439 798 1484 omnes
816 1409 1066 1484 Ecclesiasticus
1085 1411 1177 1482 ordi-

173 1547 234 1594 nes
254 1525 289 1593 in
312 1541 429 1632 sancta
450 1523 613 1624 religione
631 1552 833 1600 conservare
853 1527 1013 1622 digneris,
1030 1541 1063 1596 te
1077 1549 1176 1621 roga·

173 1659 263 1724 mus,
282 1635 362 1708 audi
386 1662 462 1708 nos.

123 1754 169 1821 Ut
191 1752 350 1822 inimicos
372 1769 495 1824 sauctae
518 1753 673 1826 Ecclesiae
686 1753 867 1826 humiliare
887 1754 1049 1852 digneris,
1066 1767 1099 1826 te
1120 1777 1178 1824 ro·
1271 1821 1278 1838 ,

173 1891 310 1964 gamus,
324 1867 405 1942 audi
420 1893 494 1942 nos.

120 1984 168 2054 Ut
187 1983 345 2082 Regibus
366 2000 400 2056 et
415 1986 630 2082 Principibus
651 1985 854 2058 Christianis
868 2009 985 2082 pacem
1008 2000 1042 2056 et
1063 2010 1176 2056 veram

167 2100 390 2172 concordiam
407 2101 537 2172 donare
551 2103 712 2198 digneris,
724 2118 757 2172 te
773 2127 945 2198 rogamus,
959 2101 1039 2172 audi
1058 2127 1130 2172 nos.

118 2221 168 2292 Ut
187 2231 318 2290 ouncto
337 2217 466 2314 pupulo
483 2219 679 2309 Christiano
696 2244 811 2315 paoem
830 2235 865 2291 et
880 2220 1045 2290 unitatem
1061 2218 1177 2314 largiri

169 2334 336 2431 digneris,
351 2349 383 2404 te
401 2357 571 2429 rogamus,
586 2335 666 2404 audi
683 2361 755 2405 nos.

119 2455 168 2522 Ut
197 2450 427 2546 nosmetipsos
457 2451 491 2520 in
520 2466 581 2522 tuo
609 2466 729 2522 sancto
762 2451 899 2525 servitio
927 2449 1121 2520 confortare
1146 2462 1179 2516 et

167 2592 376 2640 conservare
390 2567 553 2663 digneris,
571 2584 604 2638 te
620 2593 791 2665 rogamus,
814 2567 892 2638 audi
913 2591 986 2637 nos.

119 2689 170 2758 Ut
186 2700 324 2758 mentes
351 2701 484 2756 nostras
508 2683 553 2756 ad
571 2683 720 2755 coelestia
739 2683 905 2754 desideria
926 2683 1052 2777 erigas,
1070 2695 1103 2749 te
1126 2705 1181 2750 ro·

168 2827 306 2898 gamus,
328 2800 406 2872 audi
422 2827 496 2872 nos.

118 2921 167 2990 Ut
183 2917 350 2990 omnibus
366 2917 641 2989 benefactoribus
656 2916 782 2986 nostris
801 2916 1005 3011 sempiterna
1018 2913 1111 2984 bona
1127 2937 1181 2982 re-

169 3036 321 3123 tribuas,
340 3048 373 3104 te
390 3059 560 3130 rogamus,
575 3033 656 3104 audi
671 3057 744 3104 nos.
1210 3041 1213 3046 '

119 3155 170 3226 Ut
189 3152 327 3224 animas
341 3165 488 3240 nostras,
502 3149 661 3238 fratrum,
682 3148 954 3245 propinquorum
974 3160 1008 3214 et
1027 3143 1182 3214 benefac·
1241 3141 1243 3144 ’

168 3285 291 3340 torum
318 3281 514 3336 nostrorum
538 3266 582 3336 ab
601 3279 727 3336 aeterna
752 3264 967 3334 damnatione
987 3261 1128 3358 eripias,
1151 3275 1182 3330 te
1230 3333 1233 3352 ι

168 3407 351 3482 rogamus,
366 3383 445 3457 audi
464 3407 537 3454 nos.

116 3505 166 3576 Ut
187 3503 325 3574 fructus
347 3516 443 3572 terrae
459 3499 540 3572 dare
556 3513 590 3568 et
610 3519 809 3568 conservare
828 3495 999 3591 digneris,
1021 3507 1054 3562 te
1079 3515 1183 3587 roga—

169 3644 268 3711 mus,
284 3617 364 3688 audi
386 3616 460 3687 uos.

115 3740 169 3808 Ut
183 3733 354 3806 omnibus
367 3730 523 3802 fidelibus
537 3729 705 3800 defunctis
715 3729 868 3824 requiem
883 3743 1043 3798 aeternam
1057 3726 1184 3797 donare
1229 3735 1231 3740 ’

170 3850 343 3948 digneris,
358 3863 391 3918 te
411 3872 583 3943 rogamus,
598 3846 677 3917 audi
697 3871 770 3917 nos.

115 3969 185 4040 Fili
208 3967 292 4053 Dei,
310 3981 343 4036 te
362 3989 535 4060 rogamus,
554 3962 634 4034 audi
654 3987 726 4032 nos.

113 4089 249 4182 Agnus
271 4082 335 4154 Dei
356 4083 417 4178 qui
437 4080 526 4153 tollis
547 4095 686 4176 peccata
706 4079 846 4168 mundi,
867 4101 967 4174 parce
987 4065 1098 4168 nobis,
1116 4081 1188 4150 Du-

169 4221 284 4272 mrne.
394 4249 398 4258 .
