2804 5022
314 471 385 559 314
656 471 849 541 exorsum
875 485 1011 542 ruerit.

315 621 364 693 s'il
384 625 468 706 n’est
485 646 552 718 que
567 623 597 692 le
613 619 705 693 droit
721 620 876 718 descire
893 623 1023 693 reviser
1037 621 1277 720 synodalcment
1290 641 1335 694 sur

285 749 287 754 ’
314 739 361 812 les
380 739 469 810 lieux
486 738 518 809 le
532 737 707 834 jugement
724 737 861 834 synodal
876 736 948 832 dtjt
968 741 1082 834 porte,
1096 761 1220 810 comme
1236 739 1263 810 le
1275 735 1335 836 pri·

315 857 455 926 tendant
469 854 632 928 Hincmar
650 869 684 923 et
701 853 816 925 Pierre
831 854 872 923 dc
891 855 1018 926 illarca.
1036 851 1135 926 Voici
1156 847 1199 926 les
1213 853 1336 927 celebres

314 987 421 1043 tontes
441 970 604 1041 relatifsd
626 982 711 1040 cette
731 971 897 1066 question.
984 983 988 989 ’

365 1087 402 1158 3⁶
422 1105 533 1158 canon
548 1086 693 1157 :Hosius
711 1089 888 1182 episcopus
907 1085 991 1157 dixit
994 1141 1051 1159 .....
1072 1115 1089 1152 α
1107 1083 1143 1158 si
1158 1089 1230 1184 quis
1246 1101 1339 1158 autem

313 1207 548 1300 episcoporum
563 1204 596 1273 in
612 1201 726 1298 aliquo
747 1203 883 1297 negotio
898 1202 1175 1275 condemnandus
1186 1206 1270 1274 uisus
1283 1201 1340 1273 fue·

314 1321 374 1408 rit,
391 1333 425 1388 et
444 1319 612 1389 existimet
633 1343 666 1387 se
689 1339 758 1388 non
780 1317 902 1389 malam
926 1318 982 1388 sed
1007 1319 1132 1390 bonam
1153 1345 1279 1392 causam
1292 1321 1341 1388 ha·

313 1435 410 1520 bere,
432 1449 470 1506 ut
488 1437 589 1507 etiam
608 1435 771 1531 Judicium
790 1448 992 1525 renovetur,
1011 1438 1038 1505 si
1056 1449 1173 1507 vestrae
1191 1432 1342 1506 dilectioni

313 1552 466 1638 videtur,
490 1553 581 1621 Petri
608 1551 752 1646 apostoli
780 1552 975 1622 memoriam
1001 1552 1225 1640 honoremuS,
1252 1567 1287 1622 ut
1309 1545 1343 1620 ab

313 1667 354 1737 its
382 1667 442 1762 qui
463 1667 691 1762 judicaverint
720 1667 888 1737 scribatur
917 1667 1008 1737 lulio
1034 1665 1265 1740 Romanorum
1286 1665 1343 1762 epi-

310 1808 435 1880 scopo,
459 1799 492 1853 et
509 1805 572 1879 per
588 1785 797 1879 propinquos
817 1784 998 1878 provinciae
1021 1783 1209 1880 episcopos,
1230 1780 1255 1853 si
1276 1807 1346 1879 opus

313 1899 367 1985 sit,
385 1899 552 1992 judicium
574 1913 774 1989 renovetur3
792 1913 825 1969 et
843 1899 1035 1996 cognitores
1057 1899 1128 1994 ipsc
1149 1901 1300 1996 praebeat.
1319 1889 1346 1966 Si

230 2041 235 2054 ·
313 2030 426 2083 nutent
451 2017 604 2110 probare
619 2036 687 2085 non
711 2029 822 2112 potest
850 2035 984 2086 causam
1010 2017 1084 2109 ejus
1107 2041 1180 2085 esse
1202 2012 1297 2087 talem
1319 2027 1348 2081 ut
1383 2051 1389 2114 f

312 2151 385 2200 eam
410 2149 526 2201 rursus
542 2123 687 2227 judicari
709 2158 795 2227 opus
818 2132 881 2218 sit,
904 2157 977 2227 quae
999 2127 1099 2202 semel
1120 2147 1204 2202 sunt
1220 2131 1350 2227 judicata
1388 2159 1389 2162 ¹

313 2269 383 2316 non
399 2247 625 2318 infirmentur.
646 2279 663 2316 a

362 2370 397 2452 4⁰
414 2387 543 2436 canon:
562 2364 776 2436 Gaudentius
796 2367 973 2463 episcopus
997 2344 1109 2435 dixis:
1131 2395 1150 2431 «
1168 2365 1203 2438 s'i
1236 2363 1350 2436 videtur

312 2467 446 2552 necasse
463 2499 532 2550 esse
554 2479 653 2576 adjici
673 2481 754 2551 huic
776 2483 968 2570 sententiae,
986 2507 1087 2577 quam
1110 2480 1245 2553 sincera
1262 2479 1348 2550 dilec-
1388 2527 1389 2540 i

216 2691 219 2696 Ι
312 2598 405 2666 tione
427 2595 560 2693 plenam
580 2593 770 2692 protulisti,
792 2609 828 2665 ut
846 2597 873 2686 si
890 2599 965 2692 quis
988 2599 1168 2692 episcopus
1189 2599 1288 2668 fuerit
1303 2594 1350 2663 de·

313 2714 442 2806 positus
460 2713 589 2808 judicio
611 2715 847 2809 episcoporum
871 2713 1023 2806 quisunt
1044 2713 1080 2781 in
1102 2714 1249 2802 vicinia,
1266 2725 1297 2781 et
1312 2704 1350 2777 di·

312 2840 366 2898 tat
396 2850 511 2898 rursus
535 2829 599 2899 sibl
625 2827 828 2898 defensionis
852 2829 1025 2924 negotium
1051 2843 1267 2925 competere,
1292 2849 1347 2894 uon

310 2946 403 3041 prius
429 2947 464 3014 in
489 2943 681 3016 cathedram
701 2945 786 3014 alius
811 2943 1046 3032 substituatur,
1060 2969 1165 3040 quam
1192 2949 1350 3017 Romanus

312 3062 487 3156 episcopus
503 3081 602 3132 causa
618 3061 752 3156 cognita
773 3060 975 3130 sententiam
995 3058 1120 3130 tulerit.
1137 3090 1154 3126 »

362 3172 395 3244 5⁸
416 3195 543 3246 canoni
559 3179 683 3246 Hosius
698 3177 873 3272 episcopus
889 3176 974 3248 dixit
989 3203 997 3245 :
1012 3207 1028 3241 c
1044 3171 1176 3246 Placuit
1193 3191 1231 3246 ut
1249 3176 1275 3246 si
1289 3173 1351 3270 quis

310 3292 485 3388 episcopus
502 3291 632 3362 delatus
647 3292 768 3381 fuerit,
786 3308 819 3361 et
835 3289 1033 3388 congregati
1051 3291 1205 3388 ejusdem
1220 3289 1352 3388 regionis

312 3409 459 3506 episcopi
480 3429 556 3478 eum
575 3409 682 3505 gradu
702 3409 885 3498 moverint,
907 3423 938 3478 et
960 3407 1065 3479 veluti
1083 3407 1263 3506 appellans
1284 3429 1352 3476 oon·

309 3527 438 3622 fugerit
455 3525 497 3596 ad
514 3525 742 3595 beatissimum
759 3529 918 3596 Romanae
938 3523 1083 3596 ecclesiae
1098 3525 1313 3622 episcopum,
1329 3531 1354 3587 el

310 3642 392 3712 velit
421 3642 531 3740 ipsum
557 3641 692 3732 audire,
721 3657 755 3711 et
779 3641 909 3737 justum
936 3666 1005 3712 esse
1029 3641 1274 3712 existimaverit
1294 3635 1353 3732 ejus

311 3759 360 3827 rei
396 3755 679 3828 examinationem
704 3755 882 3846 renovari,
908 3756 1117 3853 coepiscopis
1138 3756 1288 3826 scribere
1311 3749 1353 3820 di·

313 3869 474 3967 gnabitur
486 3875 545 3968 qui
562 3888 642 3943 sunt
655 3873 840 3968 propinqui
855 3870 1059 3970 provinciae,
1079 3887 1119 3942 ut
1137 3873 1204 3967 ipsi
1223 3867 1352 3964 diligen·

310 4007 363 4061 ter
387 4006 586 4061 etaccurate
602 3989 734 4086 singula
749 4004 1017 4087 perscrutentur,
1030 4004 1063 4059 et
1077 4015 1116 4059 ex
1131 3987 1285 4058 veritatis
1298 3977 1354 4051 fide

312 4106 354 4176 de
372 4129 409 4176 re
434 4107 635 4176 sententiam
661 4105 782 4177 ferant.
807 4103 936 4202 Siquis
961 4121 1075 4176 autem
1097 4099 1249 4202 postulet
1269 4118 1354 4171 suum

312 4223 487 4316 negotium
501 4247 617 4294 rursus
636 4221 758 4313 audiri,
773 4239 806 4293 et
825 4219 866 4294 ad
884 4247 978 4292 suam
997 4217 1279 4318 supplicationem
1296 4215 1354 4284 Ro·
