<?xml version="1.0" encoding="UTF-8"?>
<!DOCTYPE html PUBLIC "-//W3C//DTD XHTML 1.0 Transitional//EN"
    "http://www.w3.org/TR/xhtml1/DTD/xhtml1-transitional.dtd">
<html xmlns="http://www.w3.org/1999/xhtml" xml:lang="en" lang="en">
 <head>
  <title>
</title>
<meta http-equiv="Content-Type" content="text/html;charset=utf-8" />
  <meta name='ocr-system' content='tesseract 3.04.00' />
  <meta name='ocr-capabilities' content='ocr_page ocr_carea ocr_par ocr_line ocrx_word'/>
</head>
<body>
  <div class='ocr_page' id='page_1' title='image "./duconcileprovin00bouigoog/duconcileprovin00bouigoog_0618.png"; bbox 0 0 2910 5038; ppageno 0'>
   <div class='ocr_carea' id='block_1_1' title="bbox 261 425 971 510">
    <p class='ocr_par' dir='ltr' id='par_1_1' title="bbox 261 425 971 510">
     <span class='ocr_line' id='line_1_1' title="bbox 261 425 971 510; baseline 0 -12"><span class='ocrx_word' id='word_1_1' title='bbox 261 425 334 498; x_wconf 82' lang='lat'>600</span> <span class='ocrx_word' id='word_1_2' title='bbox 605 430 806 510; x_wconf 73' lang='lat' dir='ltr'>ctthUtiataE</span> <span class='ocrx_word' id='word_1_3' title='bbox 831 451 971 500; x_wconf 71' lang='lat' dir='ltr'>runata.</span> 
     </span>
    </p>
   </div>
   <div class='ocr_carea' id='block_1_2' title="bbox 261 577 1314 1022">
    <p class='ocr_par' dir='ltr' id='par_1_2' title="bbox 261 577 1314 1022">
     <span class='ocr_line' id='line_1_2' title="bbox 263 577 1313 673; baseline 0.004 -24"><span class='ocrx_word' id='word_1_4' title='bbox 263 579 499 650; x_wconf 86' lang='lat' dir='ltr'>constitutioni</span> <span class='ocrx_word' id='word_1_5' title='bbox 516 591 659 673; x_wconf 67' lang='lat' dir='ltr'>unaque</span> <span class='ocrx_word' id='word_1_6' title='bbox 671 577 882 648; x_wconf 75' lang='lat' dir='ltr'>decrevimus</span> <span class='ocrx_word' id='word_1_7' title='bbox 893 578 1313 668; x_wconf 85' lang='lat' dir='ltr'>innectenda,itacuncto·</span> 
     </span>
     <span class='ocr_line' id='line_1_3' title="bbox 262 693 1314 793; baseline 0.004 -29"><span class='ocrx_word' id='word_1_8' title='bbox 262 721 337 764; x_wconf 87' lang='lat' dir='ltr'>rum</span> <span class='ocrx_word' id='word_1_9' title='bbox 358 696 526 764; x_wconf 68' lang='lat' dir='ltr'>memoriae</span> <span class='ocrx_word' id='word_1_10' title='bbox 546 693 833 784; x_wconf 86' lang='lat' dir='ltr'>commendanda,</span> <span class='ocrx_word' id='word_1_11' title='bbox 860 709 898 764; x_wconf 85' lang='lat' dir='ltr'>ut</span> <span class='ocrx_word' id='word_1_12' title='bbox 923 697 1086 766; x_wconf 84' lang='lat' dir='ltr'>acuuctis</span> <span class='ocrx_word' id='word_1_13' title='bbox 1108 696 1234 793; x_wconf 82' lang='lat' dir='ltr'>regulis</span> <span class='ocrx_word' id='word_1_14' title='bbox 1260 724 1314 768; x_wconf 90' lang='lat' dir='ltr'>su·</span> 
     </span>
     <span class='ocr_line' id='line_1_4' title="bbox 262 810 1312 908; baseline 0.006 -28"><span class='ocrx_word' id='word_1_15' title='bbox 262 813 375 905; x_wconf 73' lang='lat' dir='ltr'>penius</span> <span class='ocrx_word' id='word_1_16' title='bbox 397 810 561 880; x_wconf 87' lang='lat' dir='ltr'>ordinatis</span> <span class='ocrx_word' id='word_1_17' title='bbox 587 833 752 904; x_wconf 79' lang='lat' dir='ltr'>nusquam</span> <span class='ocrx_word' id='word_1_18' title='bbox 783 824 942 880; x_wconf 85' lang='lat' dir='ltr'>maneant</span> <span class='ocrx_word' id='word_1_19' title='bbox 966 827 1149 908; x_wconf 80' lang='lat' dir='ltr'>segregata.</span> <span class='ocrx_word' id='word_1_20' title='bbox 1182 817 1312 908; x_wconf 71' lang='lat' dir='ltr'>Caetera</span> 
     </span>
     <span class='ocr_line' id='line_1_5' title="bbox 261 924 1311 1022; baseline 0.005 -28"><span class='ocrx_word' id='word_1_21' title='bbox 261 949 398 1020; x_wconf 85' lang='lat' dir='ltr'>quoque</span> <span class='ocrx_word' id='word_1_22' title='bbox 426 924 639 995; x_wconf 80' lang='lat' dir='ltr'>decretorum</span> <span class='ocrx_word' id='word_1_23' title='bbox 669 939 864 994; x_wconf 86' lang='lat' dir='ltr'>nostrorum</span> <span class='ocrx_word' id='word_1_24' title='bbox 891 925 1038 1020; x_wconf 89' lang='lat' dir='ltr'>judicia,</span> <span class='ocrx_word' id='word_1_25' title='bbox 1064 951 1140 1022; x_wconf 84' lang='lat' dir='ltr'>quae</span> <span class='ocrx_word' id='word_1_26' title='bbox 1173 929 1217 998; x_wconf 90' lang='lat' dir='ltr'>ab</span> <span class='ocrx_word' id='word_1_27' title='bbox 1248 930 1311 1000; x_wconf 92' lang='lat' dir='ltr'>hac</span> 
     </span>
    </p>
   </div>
   <div class='ocr_carea' id='block_1_3' title="bbox 261 1041 1319 1138">
    <p class='ocr_par' dir='ltr' id='par_1_3' title="bbox 261 1041 1319 1138">
     <span class='ocr_line' id='line_1_6' title="bbox 261 1041 1319 1138; baseline 0.007 -30"><span class='ocrx_word' id='word_1_28' title='bbox 261 1055 375 1112; x_wconf 87' lang='lat' dir='ltr'>sancta</span> <span class='ocrx_word' id='word_1_29' title='bbox 398 1041 531 1137; x_wconf 83' lang='lat' dir='ltr'>synodo¹</span> <span class='ocrx_word' id='word_1_30' title='bbox 551 1056 740 1112; x_wconf 85' lang='lat' dir='ltr'>noscuntur</span> <span class='ocrx_word' id='word_1_31' title='bbox 758 1067 830 1112; x_wconf 85' lang='lat' dir='ltr'>osse</span> <span class='ocrx_word' id='word_1_32' title='bbox 849 1041 1014 1133; x_wconf 81' lang='lat' dir='ltr'>confecta,</span> <span class='ocrx_word' id='word_1_33' title='bbox 1029 1043 1056 1114; x_wconf 89' lang='lat' dir='ltr'>si</span> <span class='ocrx_word' id='word_1_34' title='bbox 1075 1046 1153 1138; x_wconf 89' lang='lat' dir='ltr'>quis</span> <span class='ocrx_word' id='word_1_35' title='bbox 1168 1045 1319 1116; x_wconf 81' lang='lat' dir='ltr'>convel-·</span> 
     </span>
    </p>
   </div>
   <div class='ocr_carea' id='block_1_4' title="bbox 259 1154 1313 1576">
    <p class='ocr_par' dir='ltr' id='par_1_4' title="bbox 259 1154 1313 1576">
     <span class='ocr_line' id='line_1_7' title="bbox 261 1154 1313 1256; baseline 0.008 -32"><span class='ocrx_word' id='word_1_36' title='bbox 261 1155 329 1226; x_wconf 84' lang='lat' dir='ltr'>lere</span> <span class='ocrx_word' id='word_1_37' title='bbox 348 1154 489 1227; x_wconf 82' lang='lat' dir='ltr'>foetasse</span> <span class='ocrx_word' id='word_1_38' title='bbox 510 1156 711 1244; x_wconf 76' lang='lat' dir='ltr'>decreverit,</span> <span class='ocrx_word' id='word_1_39' title='bbox 732 1173 793 1228; x_wconf 84' lang='lat' dir='ltr'>aut</span> <span class='ocrx_word' id='word_1_40' title='bbox 811 1157 950 1254; x_wconf 79' lang='lat' dir='ltr'>implero</span> <span class='ocrx_word' id='word_1_41' title='bbox 971 1157 1173 1256; x_wconf 81' lang='lat' dir='ltr'>neglexerit,</span> <span class='ocrx_word' id='word_1_42' title='bbox 1191 1160 1245 1230; x_wconf 84' lang='lat' dir='ltr'>vei</span> <span class='ocrx_word' id='word_1_43' title='bbox 1262 1163 1313 1232; x_wconf 90' lang='lat' dir='ltr'>in·</span> 
     </span>
     <span class='ocr_line' id='line_1_8' title="bbox 259 1269 1312 1368; baseline 0.009 -29"><span class='ocrx_word' id='word_1_44' title='bbox 259 1269 406 1367; x_wconf 85' lang='lat' dir='ltr'>fringere</span> <span class='ocrx_word' id='word_1_45' title='bbox 418 1272 624 1367; x_wconf 87' lang='lat' dir='ltr'>quandoque</span> <span class='ocrx_word' id='word_1_46' title='bbox 639 1269 798 1358; x_wconf 85' lang='lat' dir='ltr'>voluerit,</span> <span class='ocrx_word' id='word_1_47' title='bbox 814 1299 874 1368; x_wconf 85' lang='lat' dir='ltr'>per</span> <span class='ocrx_word' id='word_1_48' title='bbox 885 1273 1052 1367; x_wconf 88' lang='lat' dir='ltr'>judicium</span> <span class='ocrx_word' id='word_1_49' title='bbox 1067 1277 1312 1368; x_wconf 84' lang='lat' dir='ltr'>omnipotentis</span> 
     </span>
     <span class='ocr_line' id='line_1_9' title="bbox 260 1386 1311 1488; baseline 0.008 -32"><span class='ocrx_word' id='word_1_50' title='bbox 260 1389 324 1457; x_wconf 83' lang='lat' dir='ltr'>Dei</span> <span class='ocrx_word' id='word_1_51' title='bbox 339 1389 517 1458; x_wconf 86' lang='lat' dir='ltr'>anathema</span> <span class='ocrx_word' id='word_1_52' title='bbox 533 1388 587 1458; x_wconf 86' lang='lat' dir='ltr'>sit.</span> <span class='ocrx_word' id='word_1_53' title='bbox 608 1386 677 1458; x_wconf 87' lang='lat' dir='ltr'>Soti</span> <span class='ocrx_word' id='word_1_54' title='bbox 696 1403 808 1458; x_wconf 85' lang='lat' dir='ltr'>autem</span> <span class='ocrx_word' id='word_1_55' title='bbox 833 1393 911 1460; x_wconf 89' lang='lat' dir='ltr'>Deo</span> <span class='ocrx_word' id='word_1_56' title='bbox 933 1405 1051 1462; x_wconf 83' lang='lat' dir='ltr'>nostru</span> <span class='ocrx_word' id='word_1_57' title='bbox 1071 1390 1177 1488; x_wconf 83' lang='lat' dir='ltr'>gloria</span> <span class='ocrx_word' id='word_1_58' title='bbox 1198 1394 1235 1462; x_wconf 91' lang='lat' dir='ltr'>in</span> <span class='ocrx_word' id='word_1_59' title='bbox 1252 1419 1311 1464; x_wconf 77' lang='lat' dir='ltr'>sae-</span> 
     </span>
     <span class='ocr_line' id='line_1_10' title="bbox 261 1501 705 1576; baseline 0.009 -4"><span class='ocrx_word' id='word_1_60' title='bbox 261 1501 335 1574; x_wconf 86' lang='lat' dir='ltr'>cula</span> <span class='ocrx_word' id='word_1_61' title='bbox 352 1503 562 1576; x_wconf 73' lang='lat' dir='ltr'>saeculorum.</span> <span class='ocrx_word' id='word_1_62' title='bbox 583 1506 705 1576; x_wconf 81' lang='lat' dir='ltr'>Amen.</span> 
     </span>
    </p>
   </div>
   <div class='ocr_carea' id='block_1_5' title="bbox 733 1711 837 1804">
    <p class='ocr_par' dir='ltr' id='par_1_5' title="bbox 733 1711 837 1804">
     <span class='ocr_line' id='line_1_11' title="bbox 733 1711 837 1804; baseline 0.019 -26"><span class='ocrx_word' id='word_1_63' title='bbox 733 1711 752 1804; x_wconf 86' lang='lat'>§</span> <span class='ocrx_word' id='word_1_64' title='bbox 778 1712 837 1780; x_wconf 89' lang='lat' dir='ltr'>1v.</span> 
     </span>
    </p>
   </div>
   <div class='ocr_carea' id='block_1_6' title="bbox 503 1870 1073 1932">
    <p class='ocr_par' dir='ltr' id='par_1_6' title="bbox 503 1870 1073 1932">
     <span class='ocr_line' id='line_1_12' title="bbox 503 1870 1073 1932; baseline 0.002 -2"><span class='ocrx_word' id='word_1_65' title='bbox 503 1877 655 1932; x_wconf 69' lang='lat' dir='ltr'>Ce&#39;rdmoaial</span> <span class='ocrx_word' id='word_1_66' title='bbox 665 1877 709 1930; x_wconf 79' lang='lat' dir='ltr'>des</span> <span class='ocrx_word' id='word_1_67' title='bbox 721 1877 822 1930; x_wconf 72' lang='lat' dir='ltr'>concides</span> <span class='ocrx_word' id='word_1_68' title='bbox 832 1870 948 1930; x_wconf 66' lang='lat' dir='ltr'>d&#39;deossc</span> <span class='ocrx_word' id='word_1_69' title='bbox 960 1897 990 1930; x_wconf 81' lang='lat' dir='ltr'>en</span> <span class='ocrx_word' id='word_1_70' title='bbox 1002 1883 1073 1932; x_wconf 71' lang='lat'><strong>122⁵.</strong></span> 
     </span>
    </p>
   </div>
   <div class='ocr_carea' id='block_1_7' title="bbox 261 2051 1313 2940">
    <p class='ocr_par' dir='ltr' id='par_1_7' title="bbox 261 2051 1313 2940">
     <span class='ocr_line' id='line_1_13' title="bbox 309 2051 1313 2150; baseline 0.002 -22"><span class='ocrx_word' id='word_1_71' title='bbox 309 2063 399 2128; x_wconf 87' lang='lat' dir='ltr'>Ponr</span> <span class='ocrx_word' id='word_1_72' title='bbox 416 2051 651 2150; x_wconf 86' lang='lat' dir='ltr'>l&#39;intelligenue</span> <span class='ocrx_word' id='word_1_73' title='bbox 666 2053 707 2123; x_wconf 86' lang='lat' dir='ltr'>de</span> <span class='ocrx_word' id='word_1_74' title='bbox 729 2080 767 2124; x_wconf 88' lang='lat' dir='ltr'>ce</span> <span class='ocrx_word' id='word_1_75' title='bbox 787 2052 1003 2144; x_wconf 73' lang='lat' dir='ltr'>cirdmonial,</span> <span class='ocrx_word' id='word_1_76' title='bbox 1018 2055 1041 2126; x_wconf 89' lang='lat' dir='ltr'>it</span> <span class='ocrx_word' id='word_1_77' title='bbox 1059 2071 1109 2126; x_wconf 86' lang='lat' dir='ltr'>est</span> <span class='ocrx_word' id='word_1_78' title='bbox 1126 2054 1313 2130; x_wconf 73' lang='lat' dir='ltr'>necessaire</span> 
     </span>
     <span class='ocr_line' id='line_1_14' title="bbox 261 2166 1311 2268; baseline 0 -24"><span class='ocrx_word' id='word_1_79' title='bbox 261 2173 418 2244; x_wconf 83' lang='lat' dir='ltr'>d’avertir</span> <span class='ocrx_word' id='word_1_80' title='bbox 434 2171 463 2240; x_wconf 87' lang='lat' dir='ltr'>ic</span> <span class='ocrx_word' id='word_1_81' title='bbox 482 2169 608 2239; x_wconf 84' lang='lat' dir='ltr'>iecteur</span> <span class='ocrx_word' id='word_1_82' title='bbox 628 2166 710 2264; x_wconf 89' lang='lat' dir='ltr'>qu&#39;il</span> <span class='ocrx_word' id='word_1_83' title='bbox 730 2169 787 2266; x_wconf 88' lang='lat' dir='ltr'>n‘y</span> <span class='ocrx_word' id='word_1_84' title='bbox 806 2171 895 2240; x_wconf 87' lang='lat' dir='ltr'>avait</span> <span class='ocrx_word' id='word_1_85' title='bbox 916 2196 974 2266; x_wconf 89' lang='lat' dir='ltr'>pas</span> <span class='ocrx_word' id='word_1_86' title='bbox 996 2171 1038 2240; x_wconf 90' lang='lat' dir='ltr'>de</span> <span class='ocrx_word' id='word_1_87' title='bbox 1059 2170 1311 2268; x_wconf 69' lang='lat' dir='ltr'>metropolitains</span> 
     </span>
     <span class='ocr_line' id='line_1_15' title="bbox 261 2274 1313 2380; baseline 0 -20"><span class='ocrx_word' id='word_1_88' title='bbox 261 2317 302 2360; x_wconf 86' lang='lat' dir='ltr'>eu</span> <span class='ocrx_word' id='word_1_89' title='bbox 326 2274 449 2358; x_wconf 83' lang='lat' dir='ltr'>Ecosse</span> <span class='ocrx_word' id='word_1_90' title='bbox 472 2311 514 2354; x_wconf 82' lang='lat' dir='ltr'>cn</span> <span class='ocrx_word' id='word_1_91' title='bbox 545 2281 648 2370; x_wconf 81' lang='lat'>1225,</span> <span class='ocrx_word' id='word_1_92' title='bbox 672 2301 706 2354; x_wconf 86' lang='lat' dir='ltr'>et</span> <span class='ocrx_word' id='word_1_93' title='bbox 731 2311 796 2380; x_wconf 87' lang='lat' dir='ltr'>que</span> <span class='ocrx_word' id='word_1_94' title='bbox 816 2283 846 2353; x_wconf 86' lang='lat' dir='ltr'>ic</span> <span class='ocrx_word' id='word_1_95' title='bbox 865 2309 950 2380; x_wconf 89' lang='lat' dir='ltr'>pape</span> <span class='ocrx_word' id='word_1_96' title='bbox 970 2287 1154 2376; x_wconf 86' lang='lat' dir='ltr'>Honorius,</span> <span class='ocrx_word' id='word_1_97' title='bbox 1171 2289 1313 2360; x_wconf 80' lang='lat' dir='ltr'>roulant</span> 
     </span>
     <span class='ocr_line' id='line_1_16' title="bbox 262 2398 1311 2496; baseline 0.003 -24"><span class='ocrx_word' id='word_1_98' title='bbox 262 2403 461 2480; x_wconf 76' lang='lat' dir='ltr'>ndanmo&#39;ins</span> <span class='ocrx_word' id='word_1_99' title='bbox 478 2426 543 2496; x_wconf 89' lang='lat' dir='ltr'>que</span> <span class='ocrx_word' id='word_1_100' title='bbox 559 2398 605 2470; x_wconf 85' lang='lat' dir='ltr'>les</span> <span class='ocrx_word' id='word_1_101' title='bbox 620 2399 765 2470; x_wconf 86' lang='lat' dir='ltr'>conciies</span> <span class='ocrx_word' id='word_1_102' title='bbox 785 2400 1009 2496; x_wconf 87' lang='lat' dir='ltr'>provinciaux</span> <span class='ocrx_word' id='word_1_103' title='bbox 1023 2402 1153 2472; x_wconf 89' lang='lat' dir='ltr'>fussent</span> <span class='ocrx_word' id='word_1_104' title='bbox 1164 2402 1311 2475; x_wconf 73' lang='lat' dir='ltr'>celebris</span> 
     </span>
     <span class='ocr_line' id='line_1_17' title="bbox 261 2515 1312 2619; baseline -0.002 -27"><span class='ocrx_word' id='word_1_105' title='bbox 261 2550 321 2619; x_wconf 85' lang='lat' dir='ltr'>par</span> <span class='ocrx_word' id='word_1_106' title='bbox 342 2520 388 2590; x_wconf 83' lang='lat' dir='ltr'>ies</span> <span class='ocrx_word' id='word_1_107' title='bbox 407 2520 550 2612; x_wconf 70' lang='lat' dir='ltr'>evdques</span> <span class='ocrx_word' id='word_1_108' title='bbox 567 2516 609 2586; x_wconf 88' lang='lat' dir='ltr'>de</span> <span class='ocrx_word' id='word_1_109' title='bbox 628 2542 665 2586; x_wconf 86' lang='lat' dir='ltr'>cc</span> <span class='ocrx_word' id='word_1_110' title='bbox 683 2542 775 2612; x_wconf 80' lang='lat' dir='ltr'>pays,</span> <span class='ocrx_word' id='word_1_111' title='bbox 797 2515 844 2586; x_wconf 87' lang='lat' dir='ltr'>les</span> <span class='ocrx_word' id='word_1_112' title='bbox 865 2519 1028 2606; x_wconf 77' lang='lat' dir='ltr'>antonian,</span> <span class='ocrx_word' id='word_1_113' title='bbox 1046 2544 1106 2614; x_wconf 87' lang='lat' dir='ltr'>par</span> <span class='ocrx_word' id='word_1_114' title='bbox 1128 2544 1176 2590; x_wconf 90' lang='lat' dir='ltr'>un</span> <span class='ocrx_word' id='word_1_115' title='bbox 1199 2518 1312 2591; x_wconf 73' lang='lat' dir='ltr'>decret</span> 
     </span>
     <span class='ocr_line' id='line_1_18' title="bbox 261 2625 1309 2734; baseline -0.002 -25"><span class='ocrx_word' id='word_1_116' title='bbox 261 2635 396 2734; x_wconf 74' lang='lat' dir='ltr'>special,</span> <span class='ocrx_word' id='word_1_117' title='bbox 415 2636 433 2705; x_wconf 77' lang='lat' dir='ltr'>i</span> <span class='ocrx_word' id='word_1_118' title='bbox 456 2632 538 2704; x_wconf 72' lang='lat' dir='ltr'>elice</span> <span class='ocrx_word' id='word_1_119' title='bbox 559 2634 669 2728; x_wconf 85' lang='lat' dir='ltr'>parmi</span> <span class='ocrx_word' id='word_1_120' title='bbox 688 2658 752 2702; x_wconf 85' lang='lat' dir='ltr'>eux</span> <span class='ocrx_word' id='word_1_121' title='bbox 774 2659 820 2702; x_wconf 91' lang='lat' dir='ltr'>un</span> <span class='ocrx_word' id='word_1_122' title='bbox 839 2625 1086 2706; x_wconf 69' lang='lat' dir='ltr'>conservamur</span> <span class='ocrx_word' id='word_1_123' title='bbox 1105 2635 1150 2706; x_wconf 89' lang='lat' dir='ltr'>dn</span> <span class='ocrx_word' id='word_1_124' title='bbox 1168 2636 1309 2725; x_wconf 87' lang='lat' dir='ltr'>concile,</span> 
     </span>
     <span class='ocr_line' id='line_1_19' title="bbox 261 2746 1310 2846; baseline -0.002 -21"><span class='ocrx_word' id='word_1_125' title='bbox 261 2770 293 2825; x_wconf 90' lang='lat' dir='ltr'>et</span> <span class='ocrx_word' id='word_1_126' title='bbox 312 2755 331 2824; x_wconf 76' lang='lat' dir='ltr'>a</span> <span class='ocrx_word' id='word_1_127' title='bbox 349 2751 437 2822; x_wconf 84' lang='lat' dir='ltr'>tenir</span> <span class='ocrx_word' id='word_1_128' title='bbox 454 2749 485 2820; x_wconf 87' lang='lat' dir='ltr'>le</span> <span class='ocrx_word' id='word_1_129' title='bbox 503 2748 630 2846; x_wconf 85' lang='lat' dir='ltr'>synode</span> <span class='ocrx_word' id='word_1_130' title='bbox 650 2772 729 2820; x_wconf 92' lang='lat' dir='ltr'>sous</span> <span class='ocrx_word' id='word_1_131' title='bbox 750 2748 780 2818; x_wconf 87' lang='lat' dir='ltr'>la</span> <span class='ocrx_word' id='word_1_132' title='bbox 805 2746 1002 2844; x_wconf 71' lang='lat' dir='ltr'>prisidence</span> <span class='ocrx_word' id='word_1_133' title='bbox 1019 2748 1062 2820; x_wconf 87' lang='lat' dir='ltr'>de</span> <span class='ocrx_word' id='word_1_134' title='bbox 1080 2776 1117 2824; x_wconf 85' lang='lat' dir='ltr'>ee</span> <span class='ocrx_word' id='word_1_135' title='bbox 1134 2777 1310 2824; x_wconf 85' lang='lat' dir='ltr'>conserva-</span> 
     </span>
     <span class='ocr_line' id='line_1_20' title="bbox 261 2887 351 2940; baseline 0 0"><span class='ocrx_word' id='word_1_136' title='bbox 261 2887 351 2940; x_wconf 69' lang='lat' dir='ltr'>teur.</span> 
     </span>
    </p>
   </div>
   <div class='ocr_carea' id='block_1_8' title="bbox 355 3049 1237 3150">
    <p class='ocr_par' dir='ltr' id='par_1_8' title="bbox 355 3049 1237 3150">
     <span class='ocr_line' id='line_1_21' title="bbox 355 3049 1237 3150; baseline 0.003 -27"><span class='ocrx_word' id='word_1_137' title='bbox 355 3051 480 3124; x_wconf 86' lang='lat' dir='ltr'>Modus</span> <span class='ocrx_word' id='word_1_138' title='bbox 487 3049 707 3150; x_wconf 75' lang='lat' dir='ltr'>procedendi</span> <span class='ocrx_word' id='word_1_139' title='bbox 717 3053 755 3121; x_wconf 77' lang='lat' dir='ltr'>in</span> <span class='ocrx_word' id='word_1_140' title='bbox 773 3050 922 3122; x_wconf 77' lang='lat' dir='ltr'>concilio</span> <span class='ocrx_word' id='word_1_141' title='bbox 934 3051 1030 3123; x_wconf 78' lang='lat' dir='ltr'>&#39;cleri</span> <span class='ocrx_word' id='word_1_142' title='bbox 1044 3055 1237 3126; x_wconf 77' lang='lat' dir='ltr'>Scotz&#39;cani.</span> 
     </span>
    </p>
   </div>
   <div class='ocr_carea' id='block_1_9' title="bbox 189 3210 1310 4240">
    <p class='ocr_par' dir='ltr' id='par_1_9' title="bbox 242 3210 1310 4000">
     <span class='ocr_line' id='line_1_22' title="bbox 242 3210 1309 3316; baseline 0 -30"><span class='ocrx_word' id='word_1_143' title='bbox 242 3237 245 3242; x_wconf 87' lang='grc'><strong>’</strong></span> <span class='ocrx_word' id='word_1_144' title='bbox 308 3215 422 3286; x_wconf 88' lang='lat' dir='ltr'>Primo</span> <span class='ocrx_word' id='word_1_145' title='bbox 449 3211 635 3282; x_wconf 76' lang='lat' dir='ltr'>induantur</span> <span class='ocrx_word' id='word_1_146' title='bbox 663 3213 810 3308; x_wconf 84' lang='lat' dir='ltr'><strong>episcopi</strong></span> <span class='ocrx_word' id='word_1_147' title='bbox 839 3210 923 3282; x_wconf 90' lang='lat' dir='ltr'>albis</span> <span class='ocrx_word' id='word_1_148' title='bbox 956 3227 990 3282; x_wconf 87' lang='lat' dir='ltr'>et</span> <span class='ocrx_word' id='word_1_149' title='bbox 1018 3213 1162 3302; x_wconf 88' lang='lat' dir='ltr'>amictis,</span> <span class='ocrx_word' id='word_1_150' title='bbox 1185 3212 1309 3316; x_wconf 80' lang='lat' dir='ltr'>cappis,</span> 
     </span>
     <span class='ocr_line' id='line_1_23' title="bbox 259 3327 1310 3416; baseline 0.001 -15"><span class='ocrx_word' id='word_1_151' title='bbox 259 3329 465 3402; x_wconf 81' lang='lat' dir='ltr'>solemnibus</span> <span class='ocrx_word' id='word_1_152' title='bbox 482 3327 603 3416; x_wconf 87' lang='lat' dir='ltr'>mitris,</span> <span class='ocrx_word' id='word_1_153' title='bbox 617 3328 831 3416; x_wconf 77' lang='lat' dir='ltr'>chirothecis,</span> <span class='ocrx_word' id='word_1_154' title='bbox 842 3328 1006 3398; x_wconf 81' lang='lat' dir='ltr'>habentes</span> <span class='ocrx_word' id='word_1_155' title='bbox 1027 3329 1062 3398; x_wconf 90' lang='lat' dir='ltr'>in</span> <span class='ocrx_word' id='word_1_156' title='bbox 1081 3331 1238 3407; x_wconf 85' lang='lat' dir='ltr'>manibus</span> <span class='ocrx_word' id='word_1_157' title='bbox 1253 3334 1310 3402; x_wconf 88' lang='lat' dir='ltr'>ba-</span> 
     </span>
     <span class='ocr_line' id='line_1_24' title="bbox 257 3443 1307 3548; baseline 0 -30"><span class='ocrx_word' id='word_1_158' title='bbox 257 3447 351 3520; x_wconf 86' lang='lat' dir='ltr'>culos</span> <span class='ocrx_word' id='word_1_159' title='bbox 376 3444 573 3542; x_wconf 85' lang='lat' dir='ltr'>pastorales3</span> <span class='ocrx_word' id='word_1_160' title='bbox 598 3446 735 3516; x_wconf 82' lang='lat' dir='ltr'>abbates</span> <span class='ocrx_word' id='word_1_161' title='bbox 762 3443 1014 3542; x_wconf 83' lang='lat' dir='ltr'>superpelliceis</span> <span class='ocrx_word' id='word_1_162' title='bbox 1040 3462 1074 3518; x_wconf 89' lang='lat' dir='ltr'>et</span> <span class='ocrx_word' id='word_1_163' title='bbox 1096 3450 1229 3548; x_wconf 86' lang='lat' dir='ltr'>cappis,</span> <span class='ocrx_word' id='word_1_164' title='bbox 1248 3451 1307 3518; x_wconf 90' lang='lat' dir='ltr'>mi-</span> 
     </span>
     <span class='ocr_line' id='line_1_25' title="bbox 257 3561 1308 3662; baseline 0 -28"><span class='ocrx_word' id='word_1_165' title='bbox 257 3567 338 3636; x_wconf 83' lang='lat' dir='ltr'>trati</span> <span class='ocrx_word' id='word_1_166' title='bbox 354 3590 432 3636; x_wconf 83' lang='lat' dir='ltr'>curn</span> <span class='ocrx_word' id='word_1_167' title='bbox 459 3564 586 3660; x_wconf 75' lang='lat' dir='ltr'>mitris5</span> <span class='ocrx_word' id='word_1_168' title='bbox 609 3561 726 3632; x_wconf 86' lang='lat' dir='ltr'>decani</span> <span class='ocrx_word' id='word_1_169' title='bbox 752 3576 786 3632; x_wconf 85' lang='lat' dir='ltr'>et</span> <span class='ocrx_word' id='word_1_170' title='bbox 808 3561 1037 3632; x_wconf 85' lang='lat' dir='ltr'>archidiaconi</span> <span class='ocrx_word' id='word_1_171' title='bbox 1061 3564 1096 3634; x_wconf 90' lang='lat' dir='ltr'>in</span> <span class='ocrx_word' id='word_1_172' title='bbox 1116 3565 1308 3662; x_wconf 79' lang='lat' dir='ltr'>superpelli-</span> 
     </span>
     <span class='ocr_line' id='line_1_26' title="bbox 257 3677 1308 3775; baseline 0.001 -26"><span class='ocrx_word' id='word_1_173' title='bbox 257 3682 324 3750; x_wconf 89' lang='lat' dir='ltr'>ceis</span> <span class='ocrx_word' id='word_1_174' title='bbox 340 3695 373 3752; x_wconf 87' lang='lat' dir='ltr'>et</span> <span class='ocrx_word' id='word_1_175' title='bbox 388 3678 539 3748; x_wconf 86' lang='lat' dir='ltr'>almuciis</span> <span class='ocrx_word' id='word_1_176' title='bbox 551 3694 584 3748; x_wconf 84' lang='lat' dir='ltr'>et</span> <span class='ocrx_word' id='word_1_177' title='bbox 598 3679 732 3775; x_wconf 80' lang='lat' dir='ltr'>cappis3</span> <span class='ocrx_word' id='word_1_178' title='bbox 748 3677 803 3748; x_wconf 81' lang='lat' dir='ltr'>atii</span> <span class='ocrx_word' id='word_1_179' title='bbox 818 3703 895 3746; x_wconf 86' lang='lat' dir='ltr'>vero</span> <span class='ocrx_word' id='word_1_180' title='bbox 912 3677 1025 3748; x_wconf 85' lang='lat' dir='ltr'>clerici</span> <span class='ocrx_word' id='word_1_181' title='bbox 1039 3679 1154 3750; x_wconf 88' lang='lat' dir='ltr'>sintin</span> <span class='ocrx_word' id='word_1_182' title='bbox 1169 3682 1308 3753; x_wconf 86' lang='lat' dir='ltr'>honesto</span> 
     </span>
     <span class='ocr_line' id='line_1_27' title="bbox 257 3792 1309 3888; baseline 0 -22"><span class='ocrx_word' id='word_1_183' title='bbox 257 3796 376 3866; x_wconf 85' lang='lat' dir='ltr'>habitu</span> <span class='ocrx_word' id='word_1_184' title='bbox 393 3811 425 3864; x_wconf 86' lang='lat' dir='ltr'>ct</span> <span class='ocrx_word' id='word_1_185' title='bbox 438 3795 582 3865; x_wconf 74' lang='lat' dir='ltr'>(iacenti.</span> <span class='ocrx_word' id='word_1_186' title='bbox 598 3792 729 3866; x_wconf 85' lang='lat' dir='ltr'>Deinde</span> <span class='ocrx_word' id='word_1_187' title='bbox 747 3793 937 3888; x_wconf 77' lang='lat' dir='ltr'>procedant</span> <span class='ocrx_word' id='word_1_188' title='bbox 956 3794 1025 3866; x_wconf 90' lang='lat' dir='ltr'>dno</span> <span class='ocrx_word' id='word_1_189' title='bbox 1045 3796 1250 3886; x_wconf 83' lang='lat' dir='ltr'>ceroferarii,</span> <span class='ocrx_word' id='word_1_190' title='bbox 1266 3796 1309 3868; x_wconf 86' lang='lat' dir='ltr'>al-</span> 
     </span>
     <span class='ocr_line' id='line_1_28' title="bbox 259 3909 1309 4000; baseline 0.004 -20"><span class='ocrx_word' id='word_1_191' title='bbox 259 3914 309 3980; x_wconf 90' lang='lat' dir='ltr'>his</span> <span class='ocrx_word' id='word_1_192' title='bbox 323 3927 358 3982; x_wconf 86' lang='lat' dir='ltr'>et</span> <span class='ocrx_word' id='word_1_193' title='bbox 374 3912 503 3980; x_wconf 90' lang='lat' dir='ltr'>amictis</span> <span class='ocrx_word' id='word_1_194' title='bbox 520 3911 644 4000; x_wconf 84' lang='lat' dir='ltr'>induti,</span> <span class='ocrx_word' id='word_1_195' title='bbox 662 3935 739 3981; x_wconf 87' lang='lat' dir='ltr'>cum</span> <span class='ocrx_word' id='word_1_196' title='bbox 758 3911 860 3980; x_wconf 84' lang='lat' dir='ltr'>cereis</span> <span class='ocrx_word' id='word_1_197' title='bbox 880 3909 1079 3980; x_wconf 83' lang='lat' dir='ltr'>ardentibus</span> <span class='ocrx_word' id='word_1_198' title='bbox 1103 3927 1182 3982; x_wconf 89' lang='lat' dir='ltr'>ante</span> <span class='ocrx_word' id='word_1_199' title='bbox 1201 3913 1309 3984; x_wconf 87' lang='lat' dir='ltr'>diaco·</span> 
     </span>
    </p>

    <p class='ocr_par' dir='ltr' id='par_1_10' title="bbox 189 4023 1307 4240">
     <span class='ocr_line' id='line_1_29' title="bbox 189 4023 1307 4124; baseline 0.006 -29"><span class='ocrx_word' id='word_1_200' title='bbox 189 4023 192 4028; x_wconf 75' lang='grc'><strong>’</strong></span> <span class='ocrx_word' id='word_1_201' title='bbox 259 4055 353 4108; x_wconf 76' lang='lat' dir='ltr'>uuir,</span> <span class='ocrx_word' id='word_1_202' title='bbox 369 4029 426 4121; x_wconf 87' lang='lat' dir='ltr'>qui</span> <span class='ocrx_word' id='word_1_203' title='bbox 440 4027 527 4123; x_wconf 84' lang='lat' dir='ltr'>legat</span> <span class='ocrx_word' id='word_1_204' title='bbox 540 4027 766 4123; x_wconf 84' lang='lat' dir='ltr'>evangelium,</span> <span class='ocrx_word' id='word_1_205' title='bbox 781 4032 856 4122; x_wconf 81' lang='lat' dir='ltr'>Ego</span> <span class='ocrx_word' id='word_1_206' title='bbox 867 4043 1088 4124; x_wconf 78' lang='lat' dir='ltr'>surnpustor</span> <span class='ocrx_word' id='word_1_207' title='bbox 1098 4027 1219 4120; x_wconf 79' lang='lat' dir='ltr'>honus,</span> <span class='ocrx_word' id='word_1_208' title='bbox 1231 4045 1307 4114; x_wconf 66' lang='lat' dir='ltr'>etc„</span> 
     </span>
     <span class='ocr_line' id='line_1_30' title="bbox 216 4144 1307 4240; baseline 0.004 -30"><span class='ocrx_word' id='word_1_209' title='bbox 216 4173 219 4178; x_wconf 95' lang='lat'>·</span> <span class='ocrx_word' id='word_1_210' title='bbox 260 4169 358 4238; x_wconf 57' lang='lat' dir='ltr'>«ruem</span> <span class='ocrx_word' id='word_1_211' title='bbox 385 4144 565 4226; x_wconf 78' lang='lat' dir='ltr'>comitetur</span> <span class='ocrx_word' id='word_1_212' title='bbox 593 4144 831 4236; x_wconf 84' lang='lat' dir='ltr'>subdiaconus,</span> <span class='ocrx_word' id='word_1_213' title='bbox 850 4160 882 4216; x_wconf 87' lang='lat' dir='ltr'>et</span> <span class='ocrx_word' id='word_1_214' title='bbox 909 4160 999 4240; x_wconf 83' lang='lat' dir='ltr'>petet</span> <span class='ocrx_word' id='word_1_215' title='bbox 1023 4145 1187 4217; x_wconf 91' lang='lat' dir='ltr'>diaconus</span> <span class='ocrx_word' id='word_1_216' title='bbox 1211 4148 1307 4216; x_wconf 65' lang='lat' dir='ltr'>bene</span> 
     </span>
    </p>
   </div>
   <div class='ocr_carea' id='block_1_10' title="bbox 0 0 1460 5038">
    <p class='ocr_par' dir='ltr' id='par_1_11' title="bbox 0 0 1460 5038">
     <span class='ocr_line' id='line_1_31' title="bbox 0 0 1460 5038; baseline 0 0"><span class='ocrx_word' id='word_1_217' title='bbox 0 0 1460 5038; x_wconf 95' lang='lat' dir='ltr'> </span> 
     </span>
    </p>
   </div>
  </div>
 </body>
</html>
