2910 5038
295 443 367 520 586
608 413 610 418 Ι
637 453 840 532 cmourlms
864 473 1002 520 enarre.

296 597 339 668 de
352 597 430 692 jure
444 596 496 667 vel
511 597 757 670 consuetudine
773 603 934 670 interesse
952 599 1091 690 debent,
1110 599 1345 690 denuntietur3

295 729 328 782 et
346 727 384 783 ut
407 712 539 810 plenius
565 714 774 812 divulgetur,
796 717 830 786 in
862 715 916 786 die
937 717 1156 813 Epiphaniae,
1178 742 1259 788 cum
1278 718 1345 787 fre-

300 831 418 928 quenti
435 830 564 928 populo
589 833 678 903 iutra
696 835 873 904 missarum
888 832 1051 904 solemnia
1069 834 1266 905 festivitates
1279 836 1346 931 ejus

300 949 379 1018 anui
400 947 615 1020 solemniores
631 950 890 1039 denuntiantur,
910 951 1037 1046 poterit
1068 950 1144 1020 loco
1162 975 1243 1042 suo,
1263 953 1346 1022 inter

296 1063 385 1160 ipsos
415 1065 486 1134 dies
512 1065 616 1135 festos
641 1069 877 1163 pronuntiari,
904 1079 939 1136 et
963 1065 1193 1163 promulgari,
1220 1081 1292 1136 tam
1314 1069 1347 1137 in

296 1179 434 1252 ecclesia
459 1180 740 1277 metropolitana,
771 1209 875 1280 quam
904 1185 938 1254 in
965 1184 1238 1280 quibuscumque
1278 1181 1347 1254 aliis

296 1296 542 1367 cathedralibus
556 1296 585 1368 ei
602 1299 763 1394 subjectis
781 1318 790 1370 t
805 1313 840 1369 et
855 1319 917 1395 per
932 1298 1018 1369 duos
1032 1311 1091 1368 aut
1106 1298 1224 1369 saltem
1242 1323 1347 1370 uuum

297 1439 446 1484 mensem
466 1428 543 1485 ante
564 1415 688 1486 dictam
708 1407 823 1506 diem,
838 1410 998 1487 schedula
1017 1440 1120 1486 manu
1142 1417 1269 1486 notarii
1289 1441 1346 1486 ceu

298 1528 489 1604 cancellarii
513 1531 701 1627 subscripta
729 1531 876 1604 ecclesiae
897 1529 1102 1604 cathedralis
1125 1530 1229 1602 valvis
1259 1531 1347 1628 affigi

300 1648 363 1716 sub
388 1646 584 1742 hujusmodi
606 1663 667 1718 aut
688 1648 788 1720 simili
811 1664 929 1720 tenore
954 1675 962 1718 :
991 1646 1183 1720 Concilium
1209 1649 1347 1742 provin·

299 1760 403 1852 ciale,
425 1788 482 1834 seu
508 1763 656 1859 synodus
679 1759 866 1836 ditecesana
885 1767 929 1837 N.
954 1789 1014 1860 per
1032 1762 1345 1833 reverendissimum

300 1876 476 1950 dominum
500 1883 541 1950 N.
560 1881 875 1980 archiepiscopum,
897 1880 945 1951 vel
964 1882 1161 1978 episcopum
1180 1881 1241 1966 N,
1268 1880 1347 1948 indi·

298 2010 403 2082 ctum,
425 1996 476 2065 vel
496 1996 622 2066 indicta
643 1998 709 2067 hoc
727 2023 829 2087 anno,
844 2014 919 2091 etc,
934 2023 1067 2088 mense,
1089 2012 1169 2083 etc,
1184 1997 1345 2086 die,etc.,

302 2113 378 2183 Deo
397 2112 601 2206 adjuvante,
630 2115 665 2182 in
692 2111 955 2211 metropolitana
970 2136 1028 2184 seu
1043 2109 1231 2184 cathedrali
1250 2112 1346 2183 eccle·

300 2231 349 2299 sia
367 2228 595 2298 inchoabitur.

348 2351 481 2418 Rursus
499 2345 607 2416 tribus
621 2347 782 2442 proximis
797 2345 916 2416 diebus
932 2345 1111 2416 dominicis
1135 2343 1343 2416 antedictam

299 2463 388 2533 diem
408 2465 611 2534 conveniens
630 2463 711 2553 erit,
735 2465 761 2533 si
785 2465 908 2532 tamin
929 2465 1002 2558 ipsa
1020 2456 1158 2532 ecclesia
1173 2477 1347 2560 metropo-
1448 2489 1449 2496 ¹

301 2579 403 2649 litana
422 2603 483 2675 per
499 2576 793 2669 concionatorem,
813 2601 915 2675 quam
933 2579 967 2648 in
988 2575 1133 2678 singulis
1144 2576 1349 2672 parochiali-

301 2697 364 2765 bus
396 2714 455 2790 per
480 2697 647 2791 parochos
674 2697 797 2766 iterum
827 2710 930 2791 atque
955 2695 1080 2767 iterum
1112 2691 1347 2781 denuntietur;

271 2875 274 2882 r
299 2811 483 2908 populique
514 2812 626 2882 fideles
655 2811 696 2883 ud
725 2813 962 2901 devotionem,
990 2811 1181 2896 orationes,
1208 2811 1347 2906 jejunia,

300 2945 546 3000 sacramentum
555 2929 999 3026 poenitentiae,sanctissimae
1013 2927 1226 2998 eucharistiae
1240 2951 1349 3026 sump-

300 3049 446 3134 tionem,
465 3046 597 3144 aliaque
620 3047 676 3145 pia
700 3071 803 3144 opera
825 3047 1037 3119 hortentur:
1063 3045 1209 3115 utactio
1235 3045 1349 3141 hujus-

300 3163 405 3252 modi,
427 3167 500 3235 Deo
515 3163 714 3262 opitulante,
730 3165 870 3262 dignum
891 3165 1054 3236 sortiatur
1072 3161 1266 3252 exordium,
1286 3159 1350 3233 leli·

300 3300 440 3376 cemque
469 3298 502 3351 et
527 3281 737 3352 fructuosum
760 3304 975 3379 progressum
995 3261 1038 3352 ¹et
1057 3282 1185 3351 exitum
1219 3278 1344 3350 habeat

301 3396 371 3468 Illis
394 3407 474 3468 rer‘o
498 3399 555 3494 qui
579 3400 652 3494 ipso
675 3397 819 3469 concilio
838 3396 1035 3469 interfuturi
1052 3412 1149 3487 sunt,
1173 3412 1213 3466 ut
1233 3421 1272 3466 ea
1288 3406 1349 3467 stu·
1445 3449 1446 3453 ,

300 3514 402 3584 deant'
421 3513 538 3585 sedulo
553 3515 725 3584 observari
738 3533 812 3609 quae
827 3529 1001 3609 persancte
1021 3511 1151 3583 dictum
1172 3512 1347 3582 concilium

299 3629 535 3701 Tridentinum
562 3653 638 3700 sess.
677 3647 697 3700 a
721 3628 845 3700 salubri
867 3625 1002 3700 decreto
1027 3631 1161 3719 statuit,
1195 3625 1238 3699 de
1255 3627 1349 3698 modo

302 3746 447 3836 vivendi,
468 3761 500 3816 et
518 3745 591 3816 aliis
608 3747 643 3816 in
668 3743 811 3816 concilio
832 3743 1015 3815 servandis,
1035 3742 1122 3816 Cum
1137 3751 1254 3814 autem
1271 3761 1350 3840 pre·
1444 3749 1445 3771 ¹

302 3860 392 3933 dicta
412 3861 547 3932 concilii
565 3859 634 3932 dies
658 3861 997 3958 appropinquaverit,
1014 3859 1194 3962 ornabitur
1217 3859 1350 3932 ecclesia

302 3981 361 4050 ubl
381 3980 527 4076 synodus
546 3979 702 4074 habenda
727 3991 776 4048 est
800 3977 921 4049 festino
942 3994 974 4048 et
989 3977 1129 4049 solemni
1152 3978 1234 4068 ritu,
1254 3990 1351 4076 prout

258 4125 260 4134 s
302 4096 337 4164 in
364 4076 515 4192 capitulo
541 4118 591 4166 xrr
619 4095 660 4164 de
694 4111 816 4164 ornatu
842 4088 988 4165 ecclesiae
1014 4094 1110 4191 plene
1135 4091 1262 4164 dictum
1294 4109 1348 4163 est.

302 4209 424 4282 Sudilia
439 4213 475 4280 in
493 4235 530 4282 ea
553 4213 786 4308 disponentur,
804 4213 839 4281 iu
859 4210 1124 4308 provincialibus
1138 4209 1272 4307 quidem
1291 4233 1341 4282 ca·
