2806 5024
191 469 390 547 vruusouuns
408 498 621 546 courostnr
639 497 680 544 ce
698 497 863 562 coverne,
882 495 957 542 erc.
1039 467 1106 544 153

53 685 55 694 ,
85 641 110 696 et
131 625 167 696 de
183 639 346 697 constater
370 624 488 722 depuis
521 639 609 695 cette
641 627 772 719 e'poque
801 621 834 694 lu
865 623 1021 719 pratiquu
1048 621 1107 692 des

10 749 11 756 ’
84 741 179 838 e'giises
195 741 234 812 de
254 745 392 812 France.

119 859 172 934 An,
189 855 288 944 1448.
318 855 459 928 Conct'le
481 854 524 927 de
549 861 659 936 Toros
679 855 789 953 (tenu
807 856 827 926 it
850 857 980 951 Augers
995 853 1009 950 )
1024 879 1108 926 sous

83 971 203 1044 nicolas
216 975 257 1045 V.
284 1013 331 1026 -
353 1001 371 1038 v
391 973 530 1045 Vocatis
549 997 609 1068 per
635 997 696 1042 nos
720 970 871 1068 legitime
892 971 1050 1044 omnibus
1074 985 1108 1042 et

83 1085 200 1184 singulis
221 1087 469 1160 venerabilibus
487 1087 649 1159 fratribus
669 1085 878 1184 coepiscopis
895 1101 928 1158 et
946 1087 1107 1184 suffraga-

82 1205 287 1292 neiruostris,
315 1230 355 1276 ac
371 1203 446 1276 aliis
471 1206 531 1300 qui
553 1204 692 1300 dejure
715 1203 768 1274 vel
793 1203 1037 1276 cousuetudine
1040 1255 1107 1276 .....
1189 1213 1197 1234 “

82 1321 167 1392 vocari
181 1320 381 1392 debuerunt.
397 1322 750 1416 Courpnreutibusque
764 1320 955 1408 ibidem.‚..,
973 1345 1108 1392 necnon

80 1437 211 1508 omnibus
238 1435 465 1532 capitulorum
492 1437 771 1534 procuratoribus
796 1423 835 1508 oc
859 1435 1016 1533 pluribus
1036 1434 1109 1506 eliis

79 1551 171 1642 qui-vd
189 1537 373 1626 concilium
383 1555 496 1628 vocari
510 1567 799 1626 consueverunt.»
815 1550 962 1650 (Coleti,
977 1565 1002 1624 t.
1013 1555 1108 1640 XIX,

111 1782 281 1883 An1457.
312 1783 452 1858 Corwile
473 1783 691 1885 d'Avignon,
713 1810 798 1858 sous
817 1784 960 1860 calixte
977 1788 1109 1856 III.-

76 1897 112 1968 Ln
122 1897 211 1982 lettre
229 1901 274 1972 de
289 1903 533 1992 convocation,
550 1902 649 1998 apres
666 1900 714 1972 les
727 1927 826 1974 noms
838 1900 898 1972 des
911 1901 1054 1996 vireques
1067 1898 1109 1970 de

76 2009 98 2082 lv
111 2018 287 2110 province,
309 2032 409 2114 porte
428 2041 467 2088 ce
485 2019 544 2114 qui
569 2019 637 2088 suit
659 2045 667 2088 ε
699 2020 925 2090 «Dominum
940 2015 1108 2088 Andrenm

75 2133 207 2208 abbatem
232 2137 342 2209 sancti
367 2136 536 2208 Honorati
554 2139 592 2206 in
613 2135 744 2224 insuia,
769 2161 808 2208 ac
828 2134 977 2233 capitulo
996 2133 1109 2208 eccie-

74 2252 177 2326 sirrum
199 2254 448 2328 cathedralium
473 2281 604 2328 necnon
631 2270 666 2324 et
693 2270 822 2328 ceteros
842 2256 899 2326 hic
923 2254 1108 2350 descriptos

74 2367 207 2444 duximus
220 2372 471 2446 convocandos.
494 2403 511 2439 n
533 2369 666 2468 (Coleti
678 2425 688 2461 ,
700 2386 727 2443 t.
744 2375 840 2461 XIX,
857 2397 891 2467 p.
919 2369 1029 2467 184.)

8 2525 9 2550 ι
104 2490 155 2560 An
183 2487 295 2587 ¹527.·
319 2487 459 2560 Concile
478 2485 522 2560 dc
540 2491 652 2584 Lyon.
665 2529 716 2542 --
740 2491 839 2558 «Pro
859 2483 1106 2558 venerabilibus

8 2559 11 2722 Ι
73 2601 136 2674 viris
152 2605 300 2677 dominis
318 2604 446 2678 decano
463 2618 497 2676 et
513 2602 664 2698 capitulo
678 2601 824 2674 ccclesiae
837 2601 1002 2674 aedueusis
1016 2625 1107 2672 com·

8 2781 9 2796 ,
71 2723 165 2810 paruit
186 2717 391 2793 venerabilis
414 2721 467 2790 vir
493 2717 650 2791 dominus
672 2719 841 2814 Georgius
865 2721 944 2813 Guy
965 2716 1106 2787 canoni·

71 2856 125 2910 cuv·
136 2841 226 2916 »Les
242 2849 358 2910 autres
368 2836 537 2932 chapitres
548 2851 628 2910 sont
639 2833 872 2933 porcillement
883 2828 1104 2930 representes.

70 2946 192 3044 (Coleti,
213 2969 239 3026 t.
262 2957 366 3043 XIX,
384 2979 420 3049 p.
447 2953 575 3049 uon.)
995 2958 998 2966 ’

106 3067 153 3142 An
175 3067 280 3142 1528.
311 3067 450 3142 Concile
468 3067 512 3140 de
528 3075 701 3168 Bourges,
730 3093 813 3140 sous
843 3065 1000 3142 Clemens
1017 3072 1050 3138 V
1052 3071 1103 3140 11.

70 3213 134 3248 -ι
149 3184 392 3261 naissensibus
412 3184 585 3258 nonnullis
604 3186 770 3281 episcopis
772 3237 838 3257 .....
857 3184 1101 3284 suffraganeis,

70 3323 100 3370 ac
121 3301 299 3374 abbatibus
312 3328 323 3392 ;
338 3295 341 3300 ’
355 3302 546 3399 prioribus,
579 3315 614 3372 et
641 3317 839 3374 caeterorum
867 3303 1104 3398 episcoporum

70 3416 368 3515 suffraganeorum,
393 3441 526 3488 necnon
558 3416 784 3512 capitulorum
810 3416 1027 3490 ecclesiarum
1048 3441 1108 3490 ca·

70 3530 258 3607 thedrnlium
271 3531 512 3624 ,dominorum
528 3534 714 3621 abbatum,
733 3535 885 3629 priorum
902 3549 1108 3604 conventuu-

69 3643 157 3740 lium,
174 3668 210 3723 et
226 3650 459 3748 collegiorum..
472 3649 681 3722 saecularium
702 3649 944 3737 ecclesiarum,
962 3649 1108 3718 civitatis

69 3776 95 3831 et
104 3763 279 3840 dioeceseos
289 3781 329 3838 vet
346 3767 528 3864 provinciae
543 3766 765 3838 Bituricensis
786 3764 828 3834 ud
850 3763 977 3836 dictum
992 3764 1107 3836 conci-

69 3874 137 3952 lium
150 3898 348 3958 vocatorum
364 3899 398 3955 et
409 3885 645 3973 invitatorum,
656 3883 703 3954 ibi
718 3885 753 3954 in
767 3881 1022 3978 presentiarum
1036 3903 1106 3952 non

69 3998 290 4086 existentium,
311 3999 490 4072 vicariis»
504 3999 650 4097 (Coleti‚
669 4015 694 4071 t.
712 4001 814 4092 XIX,
836 4025 870 4094 p.
892 3992 1025 4096 1471.)

110 4117 161 4184 An
183 4113 288 4190 1565.
317 4115 459 4188 comite
477 4113 520 4186 de
540 4113 717 4190 Cambrar'.
731 4145 810 4180 -s
824 4114 995 4206 Quocirca
1003 4137 1109 4186 vene·

70 4224 178 4304 rabilcs
192 4227 312 4304 fratres
327 4230 629 4326 comprovinciales
651 4244 784 4304 nostros
805 4230 997 4326 episcopos,
1018 4229 1106 4326 ips'a·
