2844 5028
285 455 503 523 cessarione
523 474 570 522 nu
593 468 745 522 concur
762 475 880 541 riou,
897 476 972 523 sac.
1087 453 1160 551 469

107 617 238 672 «creto
254 604 484 699 ponteficum,
508 603 575 674 ulii
592 603 831 692 conciliorum,
854 619 910 694 et,
929 603 1159 676 Conclllorum

104 748 121 785 «
138 719 215 790 ullu
232 733 317 790 suut
329 717 555 811 universalia,
568 718 642 791 ulio
650 720 900 818 provincialia,
917 722 983 793 hoc
997 699 1066 792 nob
1081 747 1159 817 pro·

103 867 120 902 «
137 837 198 906 bat
225 834 447 908 conciliorum
474 836 734 934 provincialium
758 852 885 909 statuta
904 863 974 910 esse
996 863 1160 927 canones;

103 979 201 1024 «nec
234 952 289 1022 ille
319 956 553 1049 paragraphus
584 955 650 1025 hoc
678 955 780 1042 dicit;
808 955 867 1025 sed
897 955 1084 1026 Gratianus
1112 955 1160 1024 ibi

104 1068 311 1158 «distinxit,
343 1070 423 1161 quia
444 1066 500 1138 illa
532 1067 755 1164 provincialia
784 1069 957 1139 interdum
985 1071 1074 1140 fiunt
1098 1094 1161 1140 au-

104 1185 296 1254 «ctoritate
314 1209 424 1280 papa,
445 1210 514 1279 quo
528 1209 606 1255 casu
627 1209 696 1254 non
713 1185 897 1280 ambigitur
915 1185 998 1279 quin
1018 1186 1085 1254 sint
1104 1184 1161 1256 de·

104 1317 228 1371 «creta
243 1299 459 1396 pontificum,
477 1298 683 1370 aliusnon...
705 1301 768 1372 Sed
787 1315 912 1370 statuta
926 1298 1063 1370 illorum
1082 1325 1160 1370 con-

105 1445 122 1481 «
140 1415 298 1486 ciliorum
322 1417 381 1486 ubi
411 1441 481 1485 non
507 1416 727 1486 intervenerit
748 1417 931 1486 auctoritas
952 1439 1059 1511 papae,
1088 1440 1159 1484 non

104 1563 120 1598 «
138 1557 211 1602 esse
223 1556 368 1602 canones
385 1531 532 1602 ostendit
554 1530 665 1601 littera
684 1519 732 1626 (le
751 1546 839 1602 texte
854 1532 920 1602 cite
938 1531 979 1600 de
999 1530 1158 1628 Gratien)

102 1650 188 1718 «ibi
207 1649 242 1718 in
264 1649 332 1719 fine
360 1647 441 1718 dum
458 1647 541 1718 dicit
561 1674 569 1716 t
605 1652 695 1718 Hoec
715 1645 758 1717 de
783 1646 1011 1746 generalibus
1028 1647 1160 1748 regulis

103 1779 223 1836 «sunl
241 1763 340 1862 (1).›>

152 1884 206 1950 Au
226 1895 317 1951 texte
335 1880 377 1950 de
399 1879 431 1950 la
452 1879 546 1975 glose
567 1881 626 1974 qui
648 1880 797 1951 attribue
819 1878 1007 1975 al'eveque
1026 1879 1057 1950 le
1074 1905 1161 1976 pou·

1 2036 3 2043 ·
103 1998 182 2068 voir
199 1996 339 2069 descire
357 1997 415 2067 des
433 2021 566 2067 conaus
585 1997 821 2094 e‘pe'scopaua,
841 2011 875 2066 et
893 1997 912 2066 b
930 1995 1161 2092 l’arcbcveque

1 2155 2 2160 κ
104 2113 166 2184 des
187 2139 322 2184 canons
334 2119 590 2210 provinciana,
611 2118 750 2211 Fagnan
771 2113 902 2209 repond
922 2139 988 2208 que
1012 2112 1045 2183 la
1069 2111 1162 2209 glose

102 2255 146 2300 en
164 2245 219 2300 cet
236 2229 372 2300 endroit
390 2227 567 2325 n’emploie
583 2254 642 2325 pas
660 2228 691 2298 le
710 2243 782 2298 mot
794 2251 908 2298 conon
923 2226 1007 2297 dans
1022 2252 1069 2297 un
1087 2253 1163 2298 sens

103 2347 290 2444 rigoureux
306 2373 314 2416 ε
330 2375 348 2410 «
362 2344 559 2441 Illaeglossae
572 2346 744 2442 accipiunt
758 2360 905 2416 mannes
920 2343 1013 2437 large
1025 2358 1161 2440 sumpto

1 2515 2 2523 κ
102 2493 120 2528 «
136 2462 324 2551 vocabulo,
340 2462 433 2558 quod
450 2477 541 2557 patet
557 2487 596 2532 ea
614 2463 745 2532 ratione
764 2486 866 2555 quam
881 2459 1073 2529 immediate
1087 2461 1162 2528 sub·

103 2607 120 2644 «
134 2579 284 2673 jieiunt‚
312 2575 467 2648 videlicet
491 2578 570 2673 quia
597 2576 739 2673 quilibet
765 2575 915 2675 populus
941 2574 992 2645 vel
1021 2560 1160 2645 ecclesia
1233 2645 1240 2654 ,

1 2780 4 2787 7
104 2722 121 2758 «
141 2708 256 2790 potest
273 2694 337 2763 sibi
357 2707 505 2764 statuere
518 2692 657 2786 aliquod
671 2693 728 2786 jus
742 2691 841 2789 (ψ

154 2811 213 2877 On
232 2824 313 2904 peut
333 2807 537 2906 interpreter
557 2807 598 2877 de
621 2809 730 2876 menie
746 2805 777 2876 le
794 2831 933 2902 passage
953 2806 1019 2875 cite
1040 2805 1085 2874 du
1104 2831 1160 2876 ca·

103 2925 241 2995 nonistc
253 2924 296 2994 de
309 2924 476 2995 Palerme:
493 2923 516 2994 il
532 2923 676 2994 n’aurait
695 2947 753 3019 pas
771 2924 841 3019 pris
857 2923 940 2992 dans
959 2936 1012 2993 cet
1026 2922 1162 2993 endroit

104 3041 136 3110 le
150 3055 224 3111 mot
247 3065 362 3111 canon
382 3041 464 3110 dans
483 3065 545 3110 son
568 3041 743 3136 acceptior
767 3063 904 3135 propre.

151 3157 285 3253 Malgre
302 3155 530 3253 ces'reponses
543 3156 585 3226 de
600 3159 736 3252 Fagnan
746 3210 757 3242 ,
777 3154 971 3226 lamentare
990 3155 1031 3226 dc
1049 3155 1162 3252 parler
1183 3225 1187 3234 ,

104 3276 165 3346 des
185 3276 320 3344 auriens
341 3287 554 3346 monuments
580 3273 720 3368 indique
742 3299 785 3343 au
809 3274 920 3342 moins
945 3298 1013 3367 que
1030 3271 1062 3343 le
1085 3298 1160 3343 sens

104 3392 147 3462 de
166 3416 205 3460 ce
223 3406 296 3460 mot
314 3388 366 3460 n'a
388 3414 449 3484 pas
469 3389 623 3482 toujours
641 3385 694 3458 dte
710 3389 868 3458 restraint
886 3402 919 3458 et
942 3388 1009 3458 fixe
1028 3410 1160 3458 comme

104 3504 347 3602 aujourd'bui3
371 3520 405 3575 et
429 3507 596 3601 peut-latre
621 3503 720 3574 eut-il
746 3505 859 3572 mieux
884 3501 962 3573 valu
990 3503 1159 3598 repondre

104 3649 185 3718 que,
204 3620 237 3691 la
255 3621 436 3692 transition
453 3621 499 3690 du
516 3645 590 3690 sens
605 3619 681 3716 plus
697 3614 833 3714 general
848 3644 892 3688 au
905 3645 980 3690 sens
997 3618 1073 3715 plus
1092 3645 1160 3689 res-

106 3741 215 3810 trei'nt
229 3736 350 3808 s’etant
363 3737 443 3808 saite
463 3737 753 3824 insensiblement‚
770 3761 814 3805 on
832 3759 874 3804 ne
889 3735 1000 3805 devait
1015 3761 1073 3832 pas
1088 3737 1160 3806 latre

106 3853 233 3927 etonue
252 3855 293 3924 de
308 3869 446 3924 trouver
464 3852 522 3924 des
542 3867 647 3922 traces
666 3851 740 3947 plus
760 3877 805 3922 ou
823 3853 934 3923 moins
951 3851 1102 3922 recentes
1119 3853 1161 3922 de

149 4118 195 4184 (1)
216 4116 249 4168 In
267 4131 279 4167 1
294 4133 322 4187 p.
337 4132 348 4167 1
365 4113 386 4168 1.
402 4115 523 4181 Deerat,
538 4131 707 4182 c.onaonum
718 4123 833 4177 statuta,
847 4112 879 4167 de
893 4115 995 4180 Conse,
1006 4131 1034 4167 n.
1046 4114 1091 4179 3«.

146 4206 186 4272 (a)
212 4203 287 4256 Loco
301 4203 394 4258 citato.
