2910 5038
529 479 774 544 ctacnomm.
1105 473 1175 572 577

123 623 243 696 clesiae.
265 626 300 694 Si
321 639 434 696 autem
458 624 640 696 Ecclesiam
662 651 731 696 non
755 624 921 713 audierit,
938 624 982 694 sit
1003 625 1066 695 tibi
1089 627 1177 699 sicut

123 742 279 813 ethnicus
303 755 337 814 et
354 740 566 837 publicanus.
595 747 703 815 Amen
727 740 804 812 dico
827 741 936 828 vobis,
955 767 1176 838 quaecumque

122 856 337 954 alligaveritis
357 885 459 955 super
478 876 627 945 terram,
655 847 756 930 eruut¹
780 857 882 954 ligata
908 872 942 928 et
965 858 1000 926 in
1017 857 1119 948 coelo;
1143 877 1177 931 et

123 1000 345 1070 quecumque
368 975 536 1047 solveritis
558 1002 659 1073 super
679 993 823 1062 terram,
842 989 942 1044 erunt
961 974 1071 1045 soluta
1092 992 1125 1046 et
1142 979 1177 1047 in

122 1090 218 1161 coelo.
234 1095 365 1162 Iterum
380 1091 458 1162 dico
477 1094 584 1181 vobis,
599 1094 678 1188 quia
693 1094 720 1163 si
739 1092 808 1163 duo
825 1117 865 1161 ex
881 1090 978 1161 vobis
997 1117 1178 1164 consense=

121 1209 189 1278 rint
208 1233 311 1303 super
329 1227 469 1298 terram,
485 1209 527 1280 de
550 1211 642 1280 omui
668 1235 704 1279 re
730 1233 978 1305 quamcumque
1000 1210 1174 1304 petierint,

119 1324 180 1395 fiet
197 1324 297 1395 illisa
315 1329 414 1410 Putre
434 1351 524 1418 meo,
549 1329 609 1423 qui
637 1327 671 1397 in
698 1325 790 1398 coelis
811 1341 872 1396 est.
899 1325 962 1393 Ubi
984 1326 1074 1395 enim
1097 1341 1177 1396 sunt

118 1440 189 1510 duo
214 1439 264 1511 vel
282 1456 349 1512 tres
366 1445 561 1538 congregati
579 1444 613 1512 iu
629 1445 767 1514 nomine
786 1467 875 1528 meo,
897 1442 943 1510 ibi
964 1465 1038 1512 sum
1056 1443 1091 1510 in
1107 1469 1176 1512 me·

118 1555 175 1626 dio
195 1582 325 1628 eorum.
352 1562 454 1628 Tunc
474 1551 639 1629 accedens
655 1563 796 1658 Petrus,
827 1558 869 1627 ad
891 1583 967 1626 eum
989 1556 1090 1628 dixit:
1104 1563 1176 1630 Do-

118 1673 221 1758 mine,
238 1675 373 1769 quoties
390 1675 542 1769 peccabit
561 1677 597 1744 in
614 1701 668 1746 me
688 1675 791 1744 frater
813 1699 925 1762 meus,
946 1688 979 1742 et
1003 1673 1172 1744 dimittam

116 1791 172 1858 ei?
189 1816 294 1886 usque
318 1790 464 1886 septies?
487 1790 580 1862 Dicit
600 1789 649 1860 illi
666 1795 762 1861 Jesus
773 1816 781 1858 τ
794 1793 873 1862 Non
890 1789 968 1860 dico
986 1789 1049 1859 tibi
1069 1817 1175 1885 usque

117 1907 258 2002 septies;
278 1907 335 1978 sed
351 1933 459 2003 usque
474 1907 664 2004 septuagies
683 1907 845 2002 septies.»

169 2043 247 2132 Quo
255 2041 369 2131 finito
384 2054 418 2111 et
429 2066 499 2138 per
510 2041 718 2138 pontfioem
735 2039 823 2110 libro
844 2039 1021 2126 osculato,
1044 2057 1079 2112 et
1098 2043 1175 2137 ipso

117 2139 316 2244 incensato,
329 2157 498 2254 pontifex
515 2159 592 2228 sine
608 2158 716 2228 mitro
736 2171 821 2226 onte
834 2154 950 2227 sedem
962 2155 1175 2253 proediotom

116 2297 245 2345 versus
271 2269 479 2364 adultere,
505 2291 614 2372 oeque
640 2273 723 2347 olii's
748 2271 911 2344 omnibus
933 2274 972 2342 in
993 2274 1069 2345 suis
1090 2273 1176 2344 locis

110 2390 327 2492 genuflexis,
350 2391 485 2488 incipit,
505 2383 629 2462 schola
636 2404 887 2488 prosequente,
906 2388 1101 2482 hymnum:

165 2543 265 2639 Veni,
288 2545 429 2614 Creator
447 2545 605 2640 Spiritus.

165 2699 214 2766 Et
220 2693 355 2794 ¹dieitur
370 2713 480 2784 totus,
500 2713 542 2768 ut
554 2721 676 2793 supro.
695 2695 811 2766 Finito
820 2695 939 2790 primo
951 2718 1078 2782 versu,
1086 2723 1175 2794 pon·

116 2811 221 2907 tifex·²
239 2837 408 2910 surgens,
429 2830 506 2885 stat
526 2837 652 2886 versus
677 2809 729 2882 od
744 2810 876 2896 altore,
900 2807 1036 2882 detecto
1057 2815 1174 2908 capite

115 2929 228 3024 mque
251 2927 427 3028 adfinem
454 2929 589 3025 dymni.
617 2922 737 2999 Simili
760 2923 866 2997 modo
880 2922 1030 3020 faciunt
1051 2952 1173 3000 omnes

114 3040 192 3112 olii.
214 3042 368 3140 Enpleto
386 3045 542 3140 hymno,
559 3033 681 3115 omnes
696 3039 819 3114 sedent
837 3041 876 3111 in
895 3039 1047 3114 silentio.
1077 3048 1174 3116 Tunc

105 3157 291 3256 pontifex,
308 3158 435 3231 sedens
460 3165 498 3231 in
520 3160 604 3232 sede
612 3157 792 3258 proedioto
813 3182 893 3229 eum
909 3159 1036 3244 mitro,
1059 3164 1174 3232 eonci-

113 3273 201 3344 lium
225 3299 289 3344 seu
310 3275 480 3370 synodum
500 3276 560 3348 liis
577 3275 697 3348 verbis
715 3273 910 3372 alloquitur
927 3274 962 3343 si
981 3273 1082 3351 uelit.
1105 3277 1175 3348 Po·
1246 3272 1248 3276 ’

113 3391 198 3460 terit
211 3406 331 3461 tomen
346 3390 551 3488 hujusmodi
566 3391 818 3462 allocutionem
831 3390 1009 3478 omittere,
1029 3406 1067 3460 et
1080 3393 1178 3488 quod

111 3505 189 3602 ejus
205 3506 302 3596 loco,
324 3510 359 3578 si
364 3506 551 3605 placebit,
566 3533 636 3603 per
653 3505 812 3603 aliquem
830 3504 969 3576 doctum
990 3503 1168 3597 idoneum,

111 3620 156 3690 de
171 3621 230 3692 liis
250 3625 313 3718 qui
329 3622 605 3695 melioratione
620 3624 861 3712 continentur,
883 3637 919 3692 et
935 3620 1019 3692 oleis
1041 3649 1170 3721 oppor-

112 3739 220 3822 tunis,
240 3763 357 3809 sermo
365 3741 443 3831 fiet
459 3741 703 3811 committere:

161 3872 380 3943 Venerabiles
411 3889 445 3944 et
475 3873 682 3945 dilectissimi
710 3871 850 3957 fratres,
873 3872 1030 3941 convenit
1059 3889 1097 3943 ut
1121 3899 1160 3944 ea
1258 3921 1260 3926 -

110 4011 186 4082 quae
201 3987 243 4058 de
257 3987 486 4062 ecclesiasticis
503 3990 644 4079 officiis,
660 4006 695 4060 et
711 3983 974 4058 sacerdotalibus
990 3988 1163 4082 gradibus,

110 4103 162 4172 vel
181 4106 283 4174 etiam
308 4106 482 4178 canonicis
502 4101 756 4190 sanctionibus,
781 4116 922 4198 propter
943 4103 1089 4174 diversas
1110 4131 1168 4176 oc·
1228 4121 1230 4126 '

110 4221 328 4313 cupationes‚
355 4239 414 4292 eut
442 4223 551 4320 (quod
569 4249 694 4320 negare
716 4245 787 4292 non
805 4219 1000 4314 pessumus)
1030 4238 1170 4317 propter

950 4345 985 4395 87
