2910 5038
304 428 374 518 544
637 435 846 516 Quarurhur
871 457 1013 506 raurrn.

301 581 426 651 omisso
440 580 711 678 archiepiscopo,
728 584 826 654 sicuti
846 583 889 654 ad
904 609 1048 680 papam3
1069 609 1087 654 a
1107 582 1241 654 concilio
1256 609 1321 654 vero

301 697 344 769 ad
377 697 666 793 archiepiscopum
698 698 751 768 vel
780 699 853 793 ejus
884 699 1063 770 officialem
1091 699 1241 798 appellari
1269 727 1322 769 uon

300 814 463 908 poterit...

349 931 509 999 «Contra
527 929 717 1025 provisores
734 955 794 1001 seu
817 930 960 1002 vicarios
979 930 1151 1026 generales
1175 931 1268 1001 etiarn
1290 929 1325 1022 ip

301 1046 438 1118 siusmet
450 1046 691 1143 archiepiscopi
713 1048 747 1117 in
764 1048 872 1119 causis
890 1048 1124 1120 criminalibus
1142 1047 1299 1146 procedet.

351 1162 591 1234 «Generaliter
603 1178 717 1234 autem
731 1166 794 1234 erit
804 1164 1056 1258 procedendum
1073 1179 1110 1236 ut
1124 1191 1198 1260 quae
1211 1165 1325 1248 devita,

299 1279 488 1369 honestate,
501 1276 607 1367 cultu,
631 1303 750 1348 eorum
770 1279 890 1358 officiis
910 1295 944 1350 et
963 1279 1197 1352 functionibus
1211 1307 1230 1352 a
1245 1280 1326 1350 sacris

300 1395 652 1482 canonibus,inaxime
666 1394 699 1463 in
715 1410 886 1490 postremo
898 1395 1045 1492 generali
1060 1396 1204 1467 concilio
1216 1397 1327 1466 decreta

299 1528 393 1601 sunt,
416 1511 656 1598 observentur;
680 1525 798 1581 contra
822 1511 879 1582 eos
903 1514 962 1606 qui
989 1511 1108 1582 talium
1136 1512 1325 1584 decretorum

296 1640 544 1720 contemptores
559 1639 890 1724 transgressoresquc
900 1625 1003 1696 delati
1014 1629 1206 1723 repertique
1220 1626 1328 1696 fuerint

296 1740 456 1812 severead
464 1739 723 1835 relinquendum
733 1741 921 1838 exemplum
933 1741 1236 1813 animadvertendo
1249 1742 1326 1837 (sess.

299 1858 401 1951 nuc.
424 1857 468 1954 1).

264 2059 266 2064 Ι
347 2005 362 2038 «
373 1977 562 2069 Pauperum
577 1976 715 2070 insuper
729 1973 894 2067 querelas,
908 1988 1028 2043 contra
1043 1998 1273 2068 quoscumque
1284 1972 1327 2066 ju·

297 2091 387 2160 dices
404 2103 438 2158 et
463 2090 672 2186 potentiores
695 2105 761 2160 tam
786 2089 1026 2159 ecclesiasticos
1045 2114 1150 2183 quam
1171 2088 1281 2178 laicos,
1302 2089 1327 2154 in

297 2205 432 2302 synodis
454 2203 716 2300 provincialibus
738 2204 898 2276 admissas
927 2205 1029 2276 fuisse
1051 2220 1205 2276 veterum
1229 2204 1329 2275 conci-

298 2322 419 2392 liorum
457 2322 649 2392 testimonio
681 2338 715 2392 et
747 2324 879 2393 ratione
910 2322 1167 2416 comprobatur.
1200 2322 1329 2390 Maxime

297 2439 386 2510 euim
408 2438 556 2535 pertinet
577 2438 619 2508 ad
638 2439 874 2534 episcoporum
890 2463 1005 2508 curam
1027 2463 1216 2534 pauperum
1230 2437 1328 2506 defen·

297 2557 426 2628 sionem
458 2553 617 2624 adversus
644 2561 798 2650 potentes
829 2555 1022 2650 suscipere;
1054 2569 1092 2623 ut
1127 2577 1329 2650 oppressores

296 2673 390 2768 prius
409 2669 607 2740 sacerdotali
633 2671 864 2740 admonitione
892 2670 1119 2766 redarguant,
1147 2686 1181 2741 et
1209 2672 1235 2740 si
1263 2693 1328 2738 cou-

298 2788 496 2882 tempserint
526 2786 706 2874 emendari,
734 2811 851 2856 eorum
882 2784 1062 2856 insolentia
1089 2789 1180 2880 regis
1208 2785 1328 2856 auribus

230 2939 235 2947 ·
297 2905 480 2974 intimetur.
517 2905 632 2992 Quare
660 2929 793 2972 causam
826 2903 912 2972 hauc
939 2903 1125 2972 vexationis
1159 2923 1328 2998 pauperum

296 3019 444 3123 synodus
462 3019 679 3116 provincialis
699 3020 869 3118 negligere
891 3045 958 3090 nou
978 3019 1127 3106 debebit,
1145 3045 1185 3090 ex
1204 3016 1328 3090 concilio

294 3137 552 3230 Carthaginensi
565 3140 608 3224 V,
624 3162 652 3206 c.
670 3162 705 3233 9,
719 3151 753 3205 et
768 3135 932 3206 Toletano
951 3139 1047 3222 IV,c.
1069 3133 1122 3206 13.

342 3253 444 3321 «Ubi
467 3278 545 3321 vero
559 3254 766 3347 privatorum
783 3251 929 3346 querelis
948 3267 982 3320 et
994 3252 1115 3320 debitae
1135 3248 1329 3346 inquisitioni

295 3367 501 3438 satisfactum
515 3367 629 3456 fuerit,
645 3385 679 3439 et
693 3367 811 3438 delatis
827 3369 1063 3439 controversiis
1081 3369 1274 3462 compositis
1289 3361 1329 3433 vel

294 3484 497 3575 commissis,
510 3485 690 3581 proferunt
716 3486 863 3581 episcopi
898 3510 936 3554 ea
965 3509 1040 3578 quae
1061 3487 1270 3554 correctione
1286 3476 1329 3550 rel

293 3600 531 3672 reformatione
549 3602 650 3697 digua
671 3603 900 3698 compererint
917 3626 978 3697 per
996 3614 1095 3670 testes
1112 3599 1282 3696 synodales
1301 3599 1328 3663 in

294 3742 409 3786 eorum
429 3715 647 3806 dioecesibus3
668 3734 706 3787 ut
724 3718 893 3812 superbis
914 3732 947 3786 ct
965 3715 1039 3786 aliis
1054 3717 1097 3786 ab
1115 3718 1195 3811 ipsis
1215 3737 1329 3810 propo-

292 3832 429 3921 ncudis,
446 3849 547 3926 prout
562 3833 697 3904 utilitati
720 3834 769 3902 vel
783 3834 949 3902 honestati
969 3833 1176 3927 congruerit,
1194 3829 1328 3926 synodus

292 3947 507 4048 provincialis
536 3950 683 4045 provida,
701 3949 944 4020 deliberatione
971 3947 1135 4044 procedat
1160 3963 1194 4016 et
1217 3958 1327 4015 statuat

291 4065 552 4136 observanda...

338 4183 560 4281 «Cognoscet
578 4198 611 4256 et
636 4183 795 4280 probabit
814 4207 930 4256 causas
952 4181 996 4254 ob
1018 4205 1103 4280 quas
1132 4171 1327 4250 cathedrales
