2844 5028
248 501 465 568 ornunrrous
486 519 533 568 nu
557 519 707 569 coucrnn
725 521 845 588 enon,
867 515 941 569 nro.
1054 493 1126 588 413

15 721 16 726 1
99 643 299 739 sion,por1a
328 647 412 716 ainsi
449 671 487 716 ce
518 642 654 716 decret:
681 649 854 742 «insuper
883 648 952 743 ipsa
982 648 1129 744 synodus

98 763 220 829 «statuit
236 788 273 831 ac
288 761 437 831 decrevit
455 762 546 856 quod
565 762 591 830 si
611 763 698 831 forte
721 764 902 858 contigerit
917 761 1050 858 aliquos
1070 764 1126 834 de·

98 874 182 944 «bito
197 877 228 945 iu
245 876 319 947 loco
333 904 400 946 non
416 877 581 948 sedere...
596 876 681 946 nulii
697 893 876 974 propterea
890 879 1126 975 praejudiciuin

97 1009 299 1082 «generetur,
312 993 466 1090 nullique.
482 1019 608 1062 novum
621 994 677 1087 jus
694 995 902 1088 acquiratur.
918 1025 934 1059 n

136 1111 179 1176 Le
197 1109 343 1179 cardinal
369 1113 467 1180 Petra
494 1111 634 1179 exhorre
653 1110 671 1179 ὲ
692 1112 803 1179 suivre
821 1126 873 1179 cet
891 1111 1042 1206 exemplo
1060 1140 1068 1182 τ

134 1225 209 1294 «Ad
227 1227 382 1296 evitanda
407 1227 614 1323 praejudicia,
635 1224 676 1295 ad
696 1224 886 1320 exemplum
904 1227 1038 1296 concilii
1053 1229 1128 1297 Tri·

96 1366 109 1400 11
121 1339 550 1437 dentini,interponendum
575 1353 623 1410 cst
643 1340 814 1410 decretum
839 1343 872 1410 in
897 1341 1030 1411 concilii
1052 1368 1129 1436 pro·

95 1454 259 1528 ‹rvinciciis
300 1457 418 1546 initio,
440 1453 572 1526 nullum
602 1457 636 1525 in
662 1457 821 1552 petitorio
848 1454 898 1525 vel
926 1459 1131 1552 possessorio

93 1571 241 1644 «cuilibet
253 1575 370 1644 inferri
384 1574 614 1670 praejudicium
632 1575 664 1642 in
680 1572 798 1642 ordine
810 1573 960 1643 sedendi.
973 1604 989 1638 n
998 1571 1127 1668 (Petra,

94 1699 164 1758 torn.
180 1693 213 1775 Ι,
228 1716 305 1788 pag.
322 1690 419 1788 269.)

133 1801 215 1873 C’est
235 1833 277 1875 en
298 1806 378 1888 effct
397 1832 435 1876 ce
455 1805 576 1901 qu’ont
604 1801 761 1900 pratiqusi
788 1830 833 1875 uu
863 1805 968 1900 grand
990 1805 1131 1876 nombre

94 1913 127 1982 de
146 1921 287 2003 couciles
307 1917 545 2016 provinciauxss
562 1920 670 2014 parmi
686 1917 831 2013 lesquels
849 1946 933 1989 nous
948 1946 1032 1989 nous
1049 1945 1130 1988 con-

93 2047 252 2106 terucrons
270 2039 311 2108 de
328 2040 410 2107 citer
424 2062 508 2106 ceux
528 2035 570 2104 dc
584 2034 692 2105 Milan
708 2060 786 2103 sous
799 2038 887 2106 saint
901 2035 1039 2108 Charles
1052 2041 1132 2106 Bor·

93 2155 209 2242 rorice,
225 2181 309 2226 ceux
331 2155 372 2224 dc
399 2155 512 2222 Reims
541 2153 583 2222 de
614 2147 704 2222 1565
734 2151 830 2222 etde
853 2149 962 2240 1583,
979 2149 1067 2226 celui
1089 2154 1130 2222 de

15 2313 17 2320 ·
92 2267 235 2341 Carnbrui
256 2271 298 2370 de
327 2265 438 2358 1565,
453 2266 539 2340 celui
557 2269 598 2338 de
615 2269 791 2338 Bordeaux
813 2264 853 2338 de
878 2262 980 2353 1621.
