2910 5038
558 1037 883 1180 CHAPITRE
923 1033 1111 1126 XXIII.

308 1325 334 1380 E
335 1323 439 1379 atratis
449 1325 485 1378 de
497 1323 549 1378 Pie
562 1323 591 1376 V
587 1326 604 1379 l
604 1364 616 1394 ,
627 1324 663 1380 de
671 1324 773 1380 Beaalt
782 1325 818 1386 Χ
816 1327 837 1380 Ι
839 1324 867 1378 V
874 1335 902 1380 et
910 1326 946 1380 de
957 1327 1089 1401 Fagnua,
1105 1320 1216 1397 relatIss
1226 1323 1245 1379 ὰ
1254 1320 1335 1395 I’objet
1416 1365 1417 1370 η

396 1423 446 1479 des
460 1424 578 1479 concites
586 1425 774 1498 pmvtaciauae
791 1434 820 1479 et
831 1442 892 1480 aaa:
905 1426 1008 1480 limites
1020 1423 1056 1480 de
1072 1425 1134 1480 leur
1142 1423 1262 1499 poutuir.

280 2319 281 2322 Ἴ
354 2229 404 2296 Le
419 2251 504 2322 pape
524 2219 582 2296 Pie
600 2229 648 2296 vl
667 2225 756 2295 avait
773 2223 840 2294 lieu
860 2224 902 2294 de
920 2224 1075 2296 craindre
1097 2251 1165 2319 que
1184 2223 1214 2294 Ie
1232 2217 1339 2293 concile
1416 2229 1417 2238 ’

307 2343 493 2440 provincial
516 2341 557 2410 de
574 2345 749 2436 Mayenee,
773 2341 832 2434 qui
855 2339 967 2410 devait
992 2366 1027 2410 se
1049 2342 1136 2409 tenir
1162 2337 1340 2436 prochaiua·

307 2475 417 2549 ment,
441 2485 484 2528 ne
507 2484 541 2528 se
560 2457 660 2528 liveat
683 2459 702 2526 a
725 2457 782 2528 des
806 2459 1007 2551 entreprises
1028 2456 1243 2546 temeraires,
1259 2469 1289 2524 et
1307 2465 1346 2520 ne'
1416 2485 1417 2500 κ

264 2563 267 2567 ⁴
308 2575 492 2645 me'connfit
515 2573 560 2645 les
579 2574 702 2644 limites
728 2574 770 2644 de
796 2600 856 2643 son
886 2575 1038 2668 pouvoir.
1069 2573 1245 2669 Quelques
1264 2569 1341 2640 echs
1416 2559 1417 2570 ¹

308 2690 382 2783 ddja
400 2691 539 2760 commis
557 2715 652 2759 enee
671 2714 773 2784 genre
786 2714 847 2784 par
863 2687 1094 2783 I'archeveque
1116 2689 1159 2786 de
1182 2692 1339 2784 Mayence‚

309 2821 341 2875 et
361 2805 391 2875 Ia
410 2822 529 2876 teneur
545 2805 586 2874 de
608 2804 639 2874 Ia
664 2805 761 2875 lettre
789 2805 830 2872 de
852 2805 1074 2875 convocation
1092 2802 1227 2899 publiee
1241 2828 1295 2898 par
1313 2823 1341 2868 ce

310 2919 443 3017 prelat,
473 2947 515 2990 ne
538 2921 738 3016 justifiaient
764 2945 830 3014 que
852 2935 929 3014 trop
955 2917 1001 2988 les
1027 2920 1290 3014 apprehensious
1306 2913 1340 2982 du

310 3036 448 3130 pontife.
462 3038 560 3108 Veiei
577 3061 618 3105 eu
632 3034 732 3131 quels
746 3051 868 3106 termes
888 3033 910 3103 il
931 3036 1058 3124 avertit
1071 3033 1298 3128 I'areheveque
1310 3027 1341 3096 de
1416 3035 1417 3040 ’

309 3153 469 3246 Mayenee
495 3178 583 3246 pour
607 3151 638 3220 Ie
668 3149 839 3247 pre'servea·
872 3151 988 3221 decet
1014 3149 1210 3248 egarement
1227 3179 1235 3221 ε
1254 3152 1342 3219 «Huc

310 3297 326 3332 a
343 3267 444 3336 etiam
466 3270 568 3336 timor
582 3268 724 3356 accedit,
741 3268 800 3362 qui
816 3267 940 3336 nedum
960 3292 1022 3337 uos
1038 3267 1255 3338 vehementer
1270 3260 1342 3334 solli·
1416 3253 1417 3316 I

310 3412 326 3448 a
343 3385 442 3472 citat,
468 3383 526 3453 sed
542 3382 654 3478 plures
676 3385 777 3453 etiam
797 3385 891 3480 angit
906 3383 1078 3478 episcopos
1096 3385 1294 3471 Germaniae,
1310 3402 1343 3447 ne

305 3501 484 3596 «synodus
502 3526 520 3571 a
539 3515 590 3589 te,
606 3501 801 3595 'Moguntiae
823 3498 959 3591 elector,
981 3501 1121 3592 indicta,
1146 3529 1208 3574 eos
1224 3514 1343 3599 prater·

306 3617 510 3711 egrediatur
536 3615 619 3686 fines
649 3641 733 3710 quos
753 3617 840 3687 bene
865 3619 1100 3712 sapienterque
1121 3619 1341 3689 Tridentinae]

305 3732 518 3802 «concilium
532 3733 711 3826 praestituit
728 3732 835 3828 (Sese
855 3740 912 3819 24,
925 3760 951 3804 c.
967 3761 986 3804 2
1007 3735 1047 3804 de
1061 3735 1137 3806 Res.
1152 3733 1183 3829 ),
1201 3751 1234 3804 et
1253 3739 1342 3804 Bene·

306 3879 322 3916 a
336 3849 445 3918 dictus
460 3851 556 3936 XIV,
574 3863 688 3918 noster
704 3849 938 3943 praedecessor,
951 3850 1107 3921 distincte
1123 3851 1286 3946 docteque
1298 3867 1342 3913 ex·

304 3962 491 4057 «plicavit3
522 3978 554 4032 et
578 3989 619 4032 ne
648 3963 813 4033 novitates
835 3965 1058 4059 amplectatur
1074 3983 1178 4060 atque
1200 3964 1342 4056 suscipiat

303 4108 320 4142 ιε
335 4105 419 4148 ausu
435 4081 610 4148 temerario
633 4080 783 4150 invectas
802 4083 836 4148 iu
858 4084 1010 4150 Emsensi
1030 4109 1232 4178 congressu,
1249 4094 1300 4150 aut
1316 4076 1342 4143 itt

219 4262 222 4268 .
303 4193 402 4293 «alio
424 4193 525 4292 hujus
544 4195 675 4294 generis
700 4195 949 4288 conyenticuIO.
968 4201 1019 4270 Tu
1040 4199 1126 4272 enim
1156 4199 1192 4268 in
1217 4211 1270 4268 tua
1294 4215 1341 4262 en·
1376 4183 1378 4190 ’
