<?xml version="1.0" encoding="UTF-8"?>
<!DOCTYPE html PUBLIC "-//W3C//DTD XHTML 1.0 Transitional//EN"
    "http://www.w3.org/TR/xhtml1/DTD/xhtml1-transitional.dtd">
<html xmlns="http://www.w3.org/1999/xhtml" xml:lang="en" lang="en">
 <head>
  <title>
</title>
<meta http-equiv="Content-Type" content="text/html;charset=utf-8" />
  <meta name='ocr-system' content='tesseract 3.04.00' />
  <meta name='ocr-capabilities' content='ocr_page ocr_carea ocr_par ocr_line ocrx_word'/>
</head>
<body>
  <div class='ocr_page' id='page_1' title='image "./duconcileprovin00bouigoog/duconcileprovin00bouigoog_0033.png"; bbox 0 0 2928 5000; ppageno 0'>
   <div class='ocr_carea' id='block_1_1' title="bbox 411 989 869 1082">
    <p class='ocr_par' dir='ltr' id='par_1_1' title="bbox 411 989 869 1082">
     <span class='ocr_line' id='line_1_1' title="bbox 411 989 869 1082; baseline 0 -2"><span class='ocrx_word' id='word_1_1' title='bbox 411 989 742 1082; x_wconf 84' lang='lat' dir='ltr'><strong>CHAPITRE</strong></span> <span class='ocrx_word' id='word_1_2' title='bbox 779 989 869 1080; x_wconf 94' lang='grc' dir='ltr'><strong>ΙΙΙ.</strong></span> 
     </span>
    </p>
   </div>
   <div class='ocr_carea' id='block_1_2' title="bbox 131 1231 1171 1314">
    <p class='ocr_par' dir='ltr' id='par_1_2' title="bbox 131 1231 1171 1314">
     <span class='ocr_line' id='line_1_2' title="bbox 131 1231 1171 1314; baseline 0.005 -26"><span class='ocrx_word' id='word_1_3' title='bbox 131 1231 167 1289; x_wconf 83' lang='lat' dir='ltr'><strong>Ur</strong></span> <span class='ocrx_word' id='word_1_4' title='bbox 179 1235 287 1294; x_wconf 81' lang='lat' dir='ltr'><strong>concile</strong></span> <span class='ocrx_word' id='word_1_5' title='bbox 294 1237 459 1312; x_wconf 71' lang='lat' dir='ltr'><em>pruvincia!</em></span> <span class='ocrx_word' id='word_1_6' title='bbox 465 1237 582 1313; x_wconf 82' lang='lat' dir='ltr'><strong>pent-il</strong></span> <span class='ocrx_word' id='word_1_7' title='bbox 595 1237 655 1295; x_wconf 68' lang='lat' dir='ltr'><strong>lere</strong></span> <span class='ocrx_word' id='word_1_8' title='bbox 667 1238 796 1314; x_wconf 60' lang='lat' dir='ltr'><strong>compos&amp;</strong></span> <span class='ocrx_word' id='word_1_9' title='bbox 808 1235 845 1292; x_wconf 84' lang='lat' dir='ltr'><strong>de</strong></span> <span class='ocrx_word' id='word_1_10' title='bbox 852 1234 999 1312; x_wconf 76' lang='lat' dir='ltr'><em>plusieurs</em></span> <span class='ocrx_word' id='word_1_11' title='bbox 1006 1237 1171 1310; x_wconf 73' lang='lat' dir='ltr'><strong>provinces?</strong></span> 
     </span>
    </p>
   </div>
   <div class='ocr_carea' id='block_1_3' title="bbox 560 1507 726 1535">
    <p class='ocr_par' dir='ltr' id='par_1_3' title="bbox 560 1507 726 1535">
     <span class='ocr_line' id='line_1_3' title="bbox 560 1507 726 1535; baseline -0.018 0"><span class='ocrx_word' id='word_1_12' title='bbox 560 1507 726 1535; x_wconf 56' lang='lat' dir='ltr'><strong>-mv-</strong></span> 
     </span>
    </p>
   </div>
   <div class='ocr_carea' id='block_1_4' title="bbox 26 1843 1168 2409">
    <p class='ocr_par' dir='ltr' id='par_1_4' title="bbox 26 1843 1168 2409">
     <span class='ocr_line' id='line_1_4' title="bbox 164 1843 1167 1943; baseline 0.006 -29"><span class='ocrx_word' id='word_1_13' title='bbox 164 1846 212 1916; x_wconf 88' lang='lat' dir='ltr'><strong>En</strong></span> <span class='ocrx_word' id='word_1_14' title='bbox 232 1843 342 1936; x_wconf 77' lang='lat'><strong>1368,</strong></span> <span class='ocrx_word' id='word_1_15' title='bbox 370 1867 450 1918; x_wconf 84' lang='lat' dir='ltr'><strong>sous</strong></span> <span class='ocrx_word' id='word_1_16' title='bbox 474 1843 505 1917; x_wconf 88' lang='lat' dir='ltr'><strong>le</strong></span> <span class='ocrx_word' id='word_1_17' title='bbox 527 1843 708 1943; x_wconf 79' lang='lat' dir='ltr'><strong>pontificat</strong></span> <span class='ocrx_word' id='word_1_18' title='bbox 730 1843 896 1916; x_wconf 88' lang='lat' dir='ltr'><strong>d’Urbnin</strong></span> <span class='ocrx_word' id='word_1_19' title='bbox 909 1848 955 1934; x_wconf 87' lang='lat' dir='ltr'><strong>V,</strong></span> <span class='ocrx_word' id='word_1_20' title='bbox 973 1860 1032 1916; x_wconf 87' lang='lat' dir='ltr'><strong>eut</strong></span> <span class='ocrx_word' id='word_1_21' title='bbox 1055 1843 1123 1918; x_wconf 90' lang='lat' dir='ltr'><strong>lieu</strong></span> <span class='ocrx_word' id='word_1_22' title='bbox 1148 1847 1167 1920; x_wconf 80' lang='lat' dir='ltr'><strong>i</strong></span> 
     </span>
     <span class='ocr_line' id='line_1_5' title="bbox 123 1959 1165 2058; baseline 0.004 -30"><span class='ocrx_word' id='word_1_23' title='bbox 123 1959 247 2032; x_wconf 78' lang='lat' dir='ltr'><strong>Invnttr</strong></span> <span class='ocrx_word' id='word_1_24' title='bbox 267 1987 317 2034; x_wconf 92' lang='lat' dir='ltr'><strong>un</strong></span> <span class='ocrx_word' id='word_1_25' title='bbox 338 1959 469 2033; x_wconf 87' lang='lat' dir='ltr'><strong>concile</strong></span> <span class='ocrx_word' id='word_1_26' title='bbox 492 1962 602 2034; x_wconf 73' lang='lat' dir='ltr'><strong>forme</strong></span> <span class='ocrx_word' id='word_1_27' title='bbox 625 1961 684 2032; x_wconf 90' lang='lat' dir='ltr'><strong>des</strong></span> <span class='ocrx_word' id='word_1_28' title='bbox 707 1961 884 2058; x_wconf 83' lang='lat' dir='ltr'><strong>provinces</strong></span> <span class='ocrx_word' id='word_1_29' title='bbox 907 1959 948 2032; x_wconf 88' lang='lat' dir='ltr'><strong>de</strong></span> <span class='ocrx_word' id='word_1_30' title='bbox 965 1962 1165 2054; x_wconf 75' lang='lat' dir='ltr'><strong>Narbonae,</strong></span> 
     </span>
     <span class='ocr_line' id='line_1_6' title="bbox 26 2073 1168 2178; baseline 0.003 -34"><span class='ocrx_word' id='word_1_31' title='bbox 26 2159 27 2178; x_wconf 13' lang='grc' dir='ltr'>χ</span> <span class='ocrx_word' id='word_1_32' title='bbox 124 2073 158 2144; x_wconf 88' lang='lat' dir='ltr'><strong>de</strong></span> <span class='ocrx_word' id='word_1_33' title='bbox 176 2076 349 2150; x_wconf 83' lang='lat' dir='ltr'><strong>Toulouse</strong></span> <span class='ocrx_word' id='word_1_34' title='bbox 371 2094 405 2150; x_wconf 87' lang='lat' dir='ltr'><strong>et</strong></span> <span class='ocrx_word' id='word_1_35' title='bbox 428 2077 572 2152; x_wconf 82' lang='lat' dir='ltr'><strong>d’Auch.</strong></span> <span class='ocrx_word' id='word_1_36' title='bbox 594 2083 644 2152; x_wconf 81' lang='lat' dir='ltr'><strong>La</strong></span> <span class='ocrx_word' id='word_1_37' title='bbox 657 2079 808 2150; x_wconf 69' lang='lat' dir='ltr'><strong>muniere</strong></span> <span class='ocrx_word' id='word_1_38' title='bbox 827 2077 914 2150; x_wconf 89' lang='lat' dir='ltr'><strong>dont</strong></span> <span class='ocrx_word' id='word_1_39' title='bbox 931 2075 955 2146; x_wconf 88' lang='lat' dir='ltr'><strong>il</strong></span> <span class='ocrx_word' id='word_1_40' title='bbox 974 2078 1027 2148; x_wconf 83' lang='lat' dir='ltr'><strong>sut</strong></span> <span class='ocrx_word' id='word_1_41' title='bbox 1042 2103 1168 2148; x_wconf 87' lang='lat' dir='ltr'><strong>convo·</strong></span> 
     </span>
     <span class='ocr_line' id='line_1_7' title="bbox 123 2191 1166 2293; baseline 0.004 -30.575"><span class='ocrx_word' id='word_1_42' title='bbox 123 2194 181 2285; x_wconf 72' lang='lat' dir='ltr'><strong>que</strong></span> <span class='ocrx_word' id='word_1_43' title='bbox 197 2211 231 2264; x_wconf 89' lang='lat' dir='ltr'><strong>et</strong></span> <span class='ocrx_word' id='word_1_44' title='bbox 248 2210 334 2266; x_wconf 89' lang='lat' dir='ltr'><strong>tenu</strong></span> <span class='ocrx_word' id='word_1_45' title='bbox 351 2212 436 2293; x_wconf 88' lang='lat' dir='ltr'><strong>peut</strong></span> <span class='ocrx_word' id='word_1_46' title='bbox 455 2191 608 2266; x_wconf 72' lang='lat' dir='ltr'><strong>eelairnir</strong></span> <span class='ocrx_word' id='word_1_47' title='bbox 627 2193 660 2266; x_wconf 88' lang='lat' dir='ltr'><strong>ln</strong></span> <span class='ocrx_word' id='word_1_48' title='bbox 677 2195 834 2291; x_wconf 80' lang='lat' dir='ltr'><strong>question</strong></span> <span class='ocrx_word' id='word_1_49' title='bbox 852 2195 911 2290; x_wconf 92' lang='lat' dir='ltr'><strong>qui</strong></span> <span class='ocrx_word' id='word_1_50' title='bbox 926 2219 1012 2266; x_wconf 94' lang='lat' dir='ltr'><strong>nous</strong></span> <span class='ocrx_word' id='word_1_51' title='bbox 1027 2219 1166 2293; x_wconf 81' lang='lat' dir='ltr'><strong>occupo.</strong></span> 
     </span>
     <span class='ocr_line' id='line_1_8' title="bbox 123 2305 1165 2409; baseline 0.005 -34"><span class='ocrx_word' id='word_1_52' title='bbox 123 2305 148 2376; x_wconf 92' lang='lat' dir='ltr'><strong>ll</strong></span> <span class='ocrx_word' id='word_1_53' title='bbox 160 2309 209 2380; x_wconf 83' lang='lat' dir='ltr'><strong>fut</strong></span> <span class='ocrx_word' id='word_1_54' title='bbox 222 2310 361 2409; x_wconf 70' lang='lat' dir='ltr'><strong>preside</strong></span> <span class='ocrx_word' id='word_1_55' title='bbox 371 2309 644 2386; x_wconf 82' lang='lat' dir='ltr'><strong>collectivemeut</strong></span> <span class='ocrx_word' id='word_1_56' title='bbox 655 2309 774 2406; x_wconf 82' lang='lat' dir='ltr'><strong>perles</strong></span> <span class='ocrx_word' id='word_1_57' title='bbox 785 2311 868 2382; x_wconf 89' lang='lat' dir='ltr'><strong>trois</strong></span> <span class='ocrx_word' id='word_1_58' title='bbox 880 2309 1165 2408; x_wconf 76' lang='lat' dir='ltr'><strong>metropolitains,</strong></span> 
     </span>
    </p>
   </div>
   <div class='ocr_carea' id='block_1_5' title="bbox 28 2425 1171 4150">
    <p class='ocr_par' dir='ltr' id='par_1_5' title="bbox 124 2425 1167 2758">
     <span class='ocr_line' id='line_1_9' title="bbox 124 2425 1167 2525; baseline 0.004 -31"><span class='ocrx_word' id='word_1_59' title='bbox 124 2427 243 2498; x_wconf 82' lang='lat' dir='ltr'><strong>savoir:</strong></span> <span class='ocrx_word' id='word_1_60' title='bbox 258 2426 384 2525; x_wconf 74' lang='lat' dir='ltr'><strong>paules</strong></span> <span class='ocrx_word' id='word_1_61' title='bbox 400 2427 627 2523; x_wconf 67' lang='lat' dir='ltr'><strong>arohevoqnos</strong></span> <span class='ocrx_word' id='word_1_62' title='bbox 639 2426 681 2498; x_wconf 89' lang='lat' dir='ltr'><strong>de</strong></span> <span class='ocrx_word' id='word_1_63' title='bbox 691 2427 878 2500; x_wconf 79' lang='lat' dir='ltr'><strong>Narbonne</strong></span> <span class='ocrx_word' id='word_1_64' title='bbox 895 2442 928 2498; x_wconf 88' lang='lat' dir='ltr'><strong>et</strong></span> <span class='ocrx_word' id='word_1_65' title='bbox 941 2426 983 2498; x_wconf 91' lang='lat' dir='ltr'><strong>de</strong></span> <span class='ocrx_word' id='word_1_66' title='bbox 996 2425 1167 2500; x_wconf 90' lang='lat' dir='ltr'><strong>Toulouse</strong></span> 
     </span>
     <span class='ocr_line' id='line_1_10' title="bbox 124 2543 1163 2641; baseline 0 -27"><span class='ocrx_word' id='word_1_67' title='bbox 124 2563 159 2608; x_wconf 78' lang='lat' dir='ltr'><strong>en</strong></span> <span class='ocrx_word' id='word_1_68' title='bbox 168 2567 351 2637; x_wconf 83' lang='lat' dir='ltr'><strong>personne,</strong></span> <span class='ocrx_word' id='word_1_69' title='bbox 365 2559 400 2616; x_wconf 85' lang='lat' dir='ltr'><strong>et</strong></span> <span class='ocrx_word' id='word_1_70' title='bbox 413 2569 475 2641; x_wconf 82' lang='lat' dir='ltr'><strong>per</strong></span> <span class='ocrx_word' id='word_1_71' title='bbox 488 2544 656 2641; x_wconf 81' lang='lat' dir='ltr'><strong>Philippo,</strong></span> <span class='ocrx_word' id='word_1_72' title='bbox 668 2544 755 2616; x_wconf 63' lang='lat' dir='ltr'><strong>abbe</strong></span> <span class='ocrx_word' id='word_1_73' title='bbox 769 2543 812 2614; x_wconf 92' lang='lat' dir='ltr'><strong>de</strong></span> <span class='ocrx_word' id='word_1_74' title='bbox 826 2545 948 2616; x_wconf 72' lang='lat' dir='ltr'><strong>Soreze</strong></span> <span class='ocrx_word' id='word_1_75' title='bbox 962 2543 1163 2641; x_wconf 82' lang='lat' dir='ltr'><strong>(Soriciuii),</strong></span> 
     </span>
     <span class='ocr_line' id='line_1_11' title="bbox 124 2658 1089 2758; baseline 0.008 -34"><span class='ocrx_word' id='word_1_76' title='bbox 124 2659 322 2756; x_wconf 72' lang='lat' dir='ltr'><strong>remplaoaut</strong></span> <span class='ocrx_word' id='word_1_77' title='bbox 340 2685 472 2734; x_wconf 88' lang='lat' dir='ltr'><strong>comme</strong></span> <span class='ocrx_word' id='word_1_78' title='bbox 490 2685 679 2758; x_wconf 83' lang='lat' dir='ltr'><strong>procureur</strong></span> <span class='ocrx_word' id='word_1_79' title='bbox 694 2659 928 2755; x_wconf 69' lang='lat' dir='ltr'><strong>l&#39;archevequo</strong></span> <span class='ocrx_word' id='word_1_80' title='bbox 948 2658 1089 2732; x_wconf 82' lang='lat' dir='ltr'><strong>d’Auch.</strong></span> 
     </span>
    </p>

    <p class='ocr_par' dir='ltr' id='par_1_6' title="bbox 28 2774 1169 3446">
     <span class='ocr_line' id='line_1_12' title="bbox 163 2774 1168 2876; baseline 0.003 -32"><span class='ocrx_word' id='word_1_81' title='bbox 163 2779 223 2848; x_wconf 87' lang='lat' dir='ltr'><strong>Les</strong></span> <span class='ocrx_word' id='word_1_82' title='bbox 248 2777 526 2876; x_wconf 74' lang='lat' dir='ltr'><strong>metropolitains</strong></span> <span class='ocrx_word' id='word_1_83' title='bbox 544 2777 790 2850; x_wconf 69' lang='lat' dir='ltr'><strong>demunderent</strong></span> <span class='ocrx_word' id='word_1_84' title='bbox 815 2801 860 2848; x_wconf 86' lang='lat' dir='ltr'><strong>ou</strong></span> <span class='ocrx_word' id='word_1_85' title='bbox 886 2799 972 2872; x_wconf 84' lang='lat' dir='ltr'><strong>pape</strong></span> <span class='ocrx_word' id='word_1_86' title='bbox 992 2774 1024 2848; x_wconf 85' lang='lat' dir='ltr'><strong>la</strong></span> <span class='ocrx_word' id='word_1_87' title='bbox 1043 2774 1168 2848; x_wconf 68' lang='lat' dir='ltr'><strong>fuculte</strong></span> 
     </span>
     <span class='ocr_line' id='line_1_13' title="bbox 28 2885 1168 2992; baseline 0.005 -34"><span class='ocrx_word' id='word_1_88' title='bbox 28 2911 29 2914; x_wconf 68' lang='grc'>’</span> <span class='ocrx_word' id='word_1_89' title='bbox 125 2885 160 2958; x_wconf 86' lang='lat' dir='ltr'><strong>de</strong></span> <span class='ocrx_word' id='word_1_90' title='bbox 175 2893 295 2964; x_wconf 88' lang='lat' dir='ltr'><strong>re&#39;unir</strong></span> <span class='ocrx_word' id='word_1_91' title='bbox 314 2894 400 2965; x_wconf 87' lang='lat' dir='ltr'><strong>ninsi</strong></span> <span class='ocrx_word' id='word_1_92' title='bbox 417 2891 509 2966; x_wconf 90' lang='lat' dir='ltr'><strong>leurs</strong></span> <span class='ocrx_word' id='word_1_93' title='bbox 521 2896 716 2992; x_wconf 85' lang='lat' dir='ltr'><strong>provinces,</strong></span> <span class='ocrx_word' id='word_1_94' title='bbox 732 2917 771 2964; x_wconf 88' lang='lat' dir='ltr'><strong>ce</strong></span> <span class='ocrx_word' id='word_1_95' title='bbox 784 2891 843 2988; x_wconf 91' lang='lat' dir='ltr'><strong>qui</strong></span> <span class='ocrx_word' id='word_1_96' title='bbox 860 2915 991 2990; x_wconf 87' lang='lat' dir='ltr'><strong>prouve</strong></span> <span class='ocrx_word' id='word_1_97' title='bbox 1008 2889 1109 2987; x_wconf 88' lang='lat' dir='ltr'><strong>qu’ils</strong></span> <span class='ocrx_word' id='word_1_98' title='bbox 1127 2919 1168 2964; x_wconf 91' lang='lat' dir='ltr'><strong>ne</strong></span> 
     </span>
     <span class='ocr_line' id='line_1_14' title="bbox 124 3007 1169 3107; baseline 0.005 -33"><span class='ocrx_word' id='word_1_99' title='bbox 124 3027 152 3074; x_wconf 90' lang='lat' dir='ltr'><strong>se</strong></span> <span class='ocrx_word' id='word_1_100' title='bbox 167 3011 344 3106; x_wconf 83' lang='lat' dir='ltr'><strong>croyuieut</strong></span> <span class='ocrx_word' id='word_1_101' title='bbox 360 3036 420 3107; x_wconf 88' lang='lat' dir='ltr'><strong>pas</strong></span> <span class='ocrx_word' id='word_1_102' title='bbox 438 3009 588 3082; x_wconf 88' lang='lat' dir='ltr'><strong>endroit</strong></span> <span class='ocrx_word' id='word_1_103' title='bbox 604 3009 645 3082; x_wconf 92' lang='lat' dir='ltr'><strong>de</strong></span> <span class='ocrx_word' id='word_1_104' title='bbox 662 3007 693 3081; x_wconf 92' lang='lat' dir='ltr'><strong>le</strong></span> <span class='ocrx_word' id='word_1_105' title='bbox 711 3008 795 3080; x_wconf 85' lang='lat' dir='ltr'><strong>faire</strong></span> <span class='ocrx_word' id='word_1_106' title='bbox 812 3007 1019 3080; x_wconf 67' lang='lat' dir='ltr'><strong>eux-memes</strong></span> <span class='ocrx_word' id='word_1_107' title='bbox 1038 3033 1169 3080; x_wconf 86' lang='lat' dir='ltr'><strong>comme</strong></span> 
     </span>
     <span class='ocr_line' id='line_1_15' title="bbox 28 3124 1169 3224; baseline 0.007 -36"><span class='ocrx_word' id='word_1_108' title='bbox 28 3181 29 3188; x_wconf 74' lang='grc'>,</span> <span class='ocrx_word' id='word_1_109' title='bbox 125 3124 403 3224; x_wconf 72' lang='lat' dir='ltr'><strong>metropolitains,</strong></span> <span class='ocrx_word' id='word_1_110' title='bbox 426 3143 461 3198; x_wconf 91' lang='lat' dir='ltr'><strong>et</strong></span> <span class='ocrx_word' id='word_1_111' title='bbox 489 3151 557 3223; x_wconf 86' lang='lat' dir='ltr'><strong>que</strong></span> <span class='ocrx_word' id='word_1_112' title='bbox 586 3126 819 3222; x_wconf 74' lang='lat' dir='ltr'><strong>l’archeveque</strong></span> <span class='ocrx_word' id='word_1_113' title='bbox 847 3125 888 3196; x_wconf 90' lang='lat' dir='ltr'><strong>de</strong></span> <span class='ocrx_word' id='word_1_114' title='bbox 915 3125 1103 3198; x_wconf 84' lang='lat' dir='ltr'><strong>Narbonne</strong></span> <span class='ocrx_word' id='word_1_115' title='bbox 1125 3150 1169 3196; x_wconf 87' lang='lat' dir='ltr'><strong>ne</strong></span> 
     </span>
     <span class='ocr_line' id='line_1_16' title="bbox 126 3239 1169 3342; baseline 0.01 -38"><span class='ocrx_word' id='word_1_116' title='bbox 126 3243 242 3335; x_wconf 82' lang='lat' dir='ltr'><strong>croyait</strong></span> <span class='ocrx_word' id='word_1_117' title='bbox 263 3267 327 3342; x_wconf 84' lang='lat' dir='ltr'><strong>pas</strong></span> <span class='ocrx_word' id='word_1_118' title='bbox 351 3267 422 3314; x_wconf 90' lang='lat' dir='ltr'><strong>non</strong></span> <span class='ocrx_word' id='word_1_119' title='bbox 450 3241 528 3340; x_wconf 89' lang='lat' dir='ltr'><strong>plus</strong></span> <span class='ocrx_word' id='word_1_120' title='bbox 549 3245 647 3314; x_wconf 85' lang='lat' dir='ltr'><strong>avoir</strong></span> <span class='ocrx_word' id='word_1_121' title='bbox 671 3267 709 3314; x_wconf 88' lang='lat' dir='ltr'><strong>ee</strong></span> <span class='ocrx_word' id='word_1_122' title='bbox 732 3241 823 3314; x_wconf 86' lang='lat' dir='ltr'><strong>droit</strong></span> <span class='ocrx_word' id='word_1_123' title='bbox 848 3265 891 3312; x_wconf 87' lang='lat' dir='ltr'><strong>eu</strong></span> <span class='ocrx_word' id='word_1_124' title='bbox 916 3265 952 3314; x_wconf 85' lang='lat' dir='ltr'><strong>sn</strong></span> <span class='ocrx_word' id='word_1_125' title='bbox 976 3239 1105 3338; x_wconf 70' lang='lat' dir='ltr'><strong>qualite</strong></span> <span class='ocrx_word' id='word_1_126' title='bbox 1127 3241 1169 3314; x_wconf 87' lang='lat' dir='ltr'><strong>de</strong></span> 
     </span>
     <span class='ocr_line' id='line_1_17' title="bbox 124 3355 753 3446; baseline 0.013 -22"><span class='ocrx_word' id='word_1_127' title='bbox 124 3355 239 3446; x_wconf 76' lang='lat' dir='ltr'><strong>pumat</strong></span> <span class='ocrx_word' id='word_1_128' title='bbox 256 3357 302 3428; x_wconf 90' lang='lat' dir='ltr'><strong>de</strong></span> <span class='ocrx_word' id='word_1_129' title='bbox 323 3355 356 3428; x_wconf 87' lang='lat' dir='ltr'><strong>la</strong></span> <span class='ocrx_word' id='word_1_130' title='bbox 375 3356 485 3430; x_wconf 83' lang='lat' dir='ltr'><strong>Gnule</strong></span> <span class='ocrx_word' id='word_1_131' title='bbox 503 3359 753 3432; x_wconf 82' lang='lat' dir='ltr'><strong>Narbouunise.</strong></span> 
     </span>
    </p>

    <p class='ocr_par' dir='ltr' id='par_1_7' title="bbox 166 3472 688 3548">
     <span class='ocr_line' id='line_1_18' title="bbox 166 3472 688 3548; baseline 0.008 -6"><span class='ocrx_word' id='word_1_132' title='bbox 166 3473 263 3544; x_wconf 90' lang='lat' dir='ltr'><strong>Voioi</strong></span> <span class='ocrx_word' id='word_1_133' title='bbox 288 3472 320 3544; x_wconf 85' lang='lat' dir='ltr'><strong>ln</strong></span> <span class='ocrx_word' id='word_1_134' title='bbox 340 3472 438 3546; x_wconf 89' lang='lat' dir='ltr'><strong>lettre</strong></span> <span class='ocrx_word' id='word_1_135' title='bbox 456 3472 624 3547; x_wconf 81' lang='lat' dir='ltr'><strong>d&#39;Urbain</strong></span> <span class='ocrx_word' id='word_1_136' title='bbox 640 3479 688 3548; x_wconf 89' lang='lat' dir='ltr'><strong>V:</strong></span> 
     </span>
    </p>

    <p class='ocr_par' dir='ltr' id='par_1_8' title="bbox 127 3589 1169 3921">
     <span class='ocr_line' id='line_1_19' title="bbox 169 3589 1166 3687; baseline 0 -25"><span class='ocrx_word' id='word_1_137' title='bbox 169 3589 349 3681; x_wconf 69' lang='lat' dir='ltr'><strong>«urhun,</strong></span> <span class='ocrx_word' id='word_1_138' title='bbox 371 3593 512 3687; x_wconf 63' lang='lat' dir='ltr'><strong>estque,</strong></span> <span class='ocrx_word' id='word_1_139' title='bbox 532 3594 700 3664; x_wconf 87' lang='lat' dir='ltr'><strong>serviteur</strong></span> <span class='ocrx_word' id='word_1_140' title='bbox 718 3591 777 3662; x_wconf 91' lang='lat' dir='ltr'><strong>des</strong></span> <span class='ocrx_word' id='word_1_141' title='bbox 797 3592 981 3664; x_wconf 85' lang='lat' dir='ltr'><strong>serviteurs</strong></span> <span class='ocrx_word' id='word_1_142' title='bbox 1004 3590 1044 3662; x_wconf 90' lang='lat' dir='ltr'><strong>de</strong></span> <span class='ocrx_word' id='word_1_143' title='bbox 1062 3590 1166 3681; x_wconf 85' lang='lat' dir='ltr'><strong>Dion,</strong></span> 
     </span>
     <span class='ocr_line' id='line_1_20' title="bbox 127 3703 1169 3802; baseline 0.008 -32"><span class='ocrx_word' id='word_1_144' title='bbox 127 3725 212 3772; x_wconf 78' lang='lat' dir='ltr'><strong>saux</strong></span> <span class='ocrx_word' id='word_1_145' title='bbox 227 3703 428 3778; x_wconf 71' lang='lat' dir='ltr'><strong>venerobies</strong></span> <span class='ocrx_word' id='word_1_146' title='bbox 446 3705 550 3780; x_wconf 74' lang='lat' dir='ltr'><strong>frises</strong></span> <span class='ocrx_word' id='word_1_147' title='bbox 570 3707 798 3802; x_wconf 64' lang='lat' dir='ltr'><strong>archeviques</strong></span> <span class='ocrx_word' id='word_1_148' title='bbox 816 3706 858 3778; x_wconf 87' lang='lat' dir='ltr'><strong>de</strong></span> <span class='ocrx_word' id='word_1_149' title='bbox 872 3708 1059 3783; x_wconf 86' lang='lat' dir='ltr'><strong>Narboune</strong></span> <span class='ocrx_word' id='word_1_150' title='bbox 1075 3723 1109 3778; x_wconf 89' lang='lat' dir='ltr'><strong>et</strong></span> <span class='ocrx_word' id='word_1_151' title='bbox 1125 3706 1169 3778; x_wconf 88' lang='lat' dir='ltr'><strong>de</strong></span> 
     </span>
     <span class='ocr_line' id='line_1_21' title="bbox 128 3819 970 3921; baseline 0.008 -32"><span class='ocrx_word' id='word_1_152' title='bbox 128 3819 332 3913; x_wconf 66' lang='lat' dir='ltr'><strong>«Toulouse,</strong></span> <span class='ocrx_word' id='word_1_153' title='bbox 349 3821 489 3894; x_wconf 85' lang='lat' dir='ltr'><strong>salutet</strong></span> <span class='ocrx_word' id='word_1_154' title='bbox 507 3823 723 3896; x_wconf 74' lang='lat' dir='ltr'><strong>benedietion</strong></span> <span class='ocrx_word' id='word_1_155' title='bbox 742 3823 970 3921; x_wconf 80' lang='lat' dir='ltr'><strong>apostolique.</strong></span> 
     </span>
    </p>

    <p class='ocr_par' dir='ltr' id='par_1_9' title="bbox 128 3938 1171 4150">
     <span class='ocr_line' id='line_1_22' title="bbox 171 3938 1167 4038; baseline 0.004 -32"><span class='ocrx_word' id='word_1_156' title='bbox 171 3965 187 4000; x_wconf 74' lang='lat' dir='ltr'><strong>r</strong></span> <span class='ocrx_word' id='word_1_157' title='bbox 204 3941 257 4008; x_wconf 83' lang='lat' dir='ltr'><strong>Au</strong></span> <span class='ocrx_word' id='word_1_158' title='bbox 273 3938 361 4034; x_wconf 87' lang='lat' dir='ltr'><strong>sujet</strong></span> <span class='ocrx_word' id='word_1_159' title='bbox 375 3938 420 4010; x_wconf 92' lang='lat' dir='ltr'><strong>du</strong></span> <span class='ocrx_word' id='word_1_160' title='bbox 433 3939 563 4012; x_wconf 89' lang='lat' dir='ltr'><strong>concile</strong></span> <span class='ocrx_word' id='word_1_161' title='bbox 578 3940 764 4038; x_wconf 81' lang='lat' dir='ltr'><strong>provincial</strong></span> <span class='ocrx_word' id='word_1_162' title='bbox 778 3965 859 4012; x_wconf 84' lang='lat' dir='ltr'><strong>avec</strong></span> <span class='ocrx_word' id='word_1_163' title='bbox 874 3967 935 4012; x_wconf 85' lang='lat' dir='ltr'><strong>vos</strong></span> <span class='ocrx_word' id='word_1_164' title='bbox 948 3941 1167 4038; x_wconf 77' lang='lat' dir='ltr'><strong>suffragante,</strong></span> 
     </span>
     <span class='ocr_line' id='line_1_23' title="bbox 128 4047 1171 4150; baseline 0.012 -32"><span class='ocrx_word' id='word_1_165' title='bbox 128 4047 234 4121; x_wconf 67' lang='lat' dir='ltr'><strong>“dont</strong></span> <span class='ocrx_word' id='word_1_166' title='bbox 249 4053 283 4150; x_wconf 86' lang='lat' dir='ltr'><strong>je</strong></span> <span class='ocrx_word' id='word_1_167' title='bbox 307 4079 396 4126; x_wconf 86' lang='lat' dir='ltr'><strong>vous</strong></span> <span class='ocrx_word' id='word_1_168' title='bbox 418 4055 561 4128; x_wconf 63' lang='lat' dir='ltr'><strong>inrisus</strong></span> <span class='ocrx_word' id='word_1_169' title='bbox 586 4056 836 4130; x_wconf 74' lang='lat' dir='ltr'><strong>dernierement</strong></span> <span class='ocrx_word' id='word_1_170' title='bbox 855 4057 898 4128; x_wconf 92' lang='lat' dir='ltr'><strong>de</strong></span> <span class='ocrx_word' id='word_1_171' title='bbox 919 4057 1017 4128; x_wconf 72' lang='lat' dir='ltr'><strong>better</strong></span> <span class='ocrx_word' id='word_1_172' title='bbox 1036 4056 1068 4128; x_wconf 86' lang='lat' dir='ltr'><strong>lu</strong></span> <span class='ocrx_word' id='word_1_173' title='bbox 1090 4084 1171 4130; x_wconf 90' lang='lat' dir='ltr'><strong>con·</strong></span> 
     </span>
    </p>
   </div>
   <div class='ocr_carea' id='block_1_6' title="bbox 129 4169 1170 4268">
    <p class='ocr_par' dir='ltr' id='par_1_10' title="bbox 129 4169 1170 4268">
     <span class='ocr_line' id='line_1_24' title="bbox 129 4169 1170 4268; baseline 0.01 -32"><span class='ocrx_word' id='word_1_174' title='bbox 129 4169 322 4268; x_wconf 76' lang='lat' dir='ltr'><strong>«vocation,</strong></span> <span class='ocrx_word' id='word_1_175' title='bbox 344 4198 428 4252; x_wconf 82' lang='lat' dir='ltr'><strong>vous</strong></span> <span class='ocrx_word' id='word_1_176' title='bbox 447 4199 502 4250; x_wconf 84' lang='lat' dir='ltr'><strong>me</strong></span> <span class='ocrx_word' id='word_1_177' title='bbox 518 4175 615 4252; x_wconf 79' lang='lat' dir='ltr'><strong>faites</strong></span> <span class='ocrx_word' id='word_1_178' title='bbox 631 4176 744 4252; x_wconf 76' lang='lat' dir='ltr'><strong>savoir</strong></span> <span class='ocrx_word' id='word_1_179' title='bbox 759 4192 857 4252; x_wconf 86' lang='lat' dir='ltr'><strong>votre</strong></span> <span class='ocrx_word' id='word_1_180' title='bbox 874 4177 1042 4252; x_wconf 84' lang='lat' dir='ltr'><strong>intention</strong></span> <span class='ocrx_word' id='word_1_181' title='bbox 1058 4175 1170 4248; x_wconf 70' lang='lat' dir='ltr'><strong>d’exe·</strong></span> 
     </span>
    </p>
   </div>
   <div class='ocr_carea' id='block_1_7' title="bbox 0 0 1478 5000">
    <p class='ocr_par' dir='ltr' id='par_1_11' title="bbox 0 0 1478 5000">
     <span class='ocr_line' id='line_1_25' title="bbox 0 0 1478 5000; baseline 0 0"><span class='ocrx_word' id='word_1_182' title='bbox 0 0 1478 5000; x_wconf 95' lang='lat' dir='ltr'><strong> </strong></span> 
     </span>
    </p>
   </div>
  </div>
 </body>
</html>
