2806 5024
297 449 364 526 192
646 432 993 499 nnuxruua'rtunm.

273 577 426 647 .du0bus
441 577 737 672 Lugdunensibus,
753 603 899 673 quorum
916 578 1027 650 adbuc
1043 591 1156 648 extant
1170 592 1249 664 acta,
1263 576 1316 647 usi·

294 701 402 765 t'atum
420 694 494 762 luit.
511 694 567 763 Sic
586 708 619 763 et
633 695 668 762 in
687 695 739 763 his
754 693 890 789 synodis
907 695 1030 763 nostris
1044 709 1156 764 nostra
1175 707 1262 764 aetate
1274 717 1317 760 ce

253 813 274 894 j
293 807 443 899 lebratiS,
475 809 516 878 de
536 810 661 903 quibus
689 811 804 879 etiam
820 810 910 907 apud
940 835 1082 906 regnum
1113 809 1234 904 Angtiae
1259 833 1317 876 non

293 926 392 1020 pauci
409 940 591 1022 supersunt
608 939 717 1017 testes,
744 927 961 996 observatum
981 951 1051 995 csse
1067 924 1175 1021 palam
1195 941 1255 1012 est,
1270 924 1318 993 ab·

292 1043 443 1111 sentibus
461 1043 562 1111 ctiam
585 1042 723 1122 summis
745 1042 975 1136 pontificibus.
1002 1041 1096 1112 Idem
1118 1058 1151 1112 et
1167 1065 1252 1110 nunc
1269 1065 1319 1109 no·

292 1155 343 1226 bis
356 1156 613 1254 praesidentibus
627 1157 662 1225 in
677 1157 742 1226 boc
758 1181 853 1227 sacro
870 1158 1080 1229 oecumenico
1095 1172 1243 1228 servatur
1254 1151 1320 1225 Flo·

292 1275 426 1344 rentino
445 1273 603 1343 coucili0.

309 1391 316 1396 ’
342 1419 359 1453 a
371 1391 431 1458 His
453 1414 590 1484 quoque
608 1387 690 1457 illud
709 1389 846 1458 accedat
866 1389 958 1484 qnod
981 1391 1015 1459 in
1033 1390 1213 1460 sententiis
1222 1403 1253 1457 et
1272 1385 1318 1454 de·

286 1505 478 1576 ‘cretis'tam
497 1505 598 1598 hujus
620 1518 743 1572 sanctae
764 1504 849 1574 sedis
871 1530 973 1606 quam
994 1502 1210 1602 generalium*
1224 1501 1320 1570 conci·

289 1619 425 1708 liorum,
448 1645 525 1690 curn
548 1620 590 1688 de
607 1618 833 1713 dignitatibus
852 1621 1053 1690 nominatim
1069 1621 1107 1688 fit
1122 1620 1258 1706 mentio,
1276 1614 1320 1684 illa

288 1734 439 1805 clausula
457 1735 557 1829 adjici
576 1733 681 1823 solet,
698 1760 768 1806 aon
788 1735 1011 1807 obstantibus
1030 1738 1065 1806 si
1079 1734 1320 1814 cardinalatus,

283 1831 508 1946 patriarcali,
527 1849 842 1948 archiepiscopali,
865 1850 1059 1948 episcopali
1075 1875 1138 1921 seu
1155 1850 1229 1921 ulia
1249 1871 1321 1945 qua·

291 1991 438 2063 utrmque
451 1963 667 2065 praefulgeat
680 1965 867 2066 diguitatis,
888 1993 950 2064 per
962 1967 1071 2062 quod,
1089 1993 1132 2036 ex
1148 1965 1322 2036 ordine'no·

291 2082 465 2173 minandi,
482 2108 556 2178 quae
572 2084 614 2152 sit
633 2085 742 2180 major
755 2082 949 2154 luculenter
966 2099 1122 2180 apparet.
1288 2162 1290 2166 ¹

341 2201 440 2270 «Nec
454 2213 612 2270 causetur
632 2200 800 2296 quispiam
817 2200 909 2295 qnod
925 2199 1010 2269 ordo
1031 2197 1229 2296 episcopalis
1243 2219 1322 2292 pres·

290 2321 422 2418 byterio
442 2321 551 2415 major
571 2320 634 2409 sit,
661 2321 821 2415 quoniam
843 2321 878 2389 in
898 2319 1064 2414 ejusmodi
1085 2315 1324 2415 praelationibus

289 2434 439 2506 officium
464 2460 504 2506 ac
531 2435 697 2532 dignitas,
717 2461 775 2506 seu
794 2436 999 2530 jurisdictio,
1020 2436 1256 2533 praeponderat
1277 2454 1323 2498 or·

287 2553 394 2624 diui...
410 2584 428 2618 »

336 2675 385 2743 Ce
403 2671 484 2741 bref
495 2685 546 2739 est
568 2669 690 2757 classe,
711 2669 794 2740 dans
812 2669 842 2740 le
861 2669 1009 2740 Bullaire
1029 2670 1184 2758 romain,
1206 2691 1279 2737 sous
1298 2661 1322 2730 lc

282 2788 328 2856 'n⁰
350 2813 393 2884 ¹9
409 2786 467 2856 des
482 2785 574 2855 brefs
593 2801 627 2854 et
645 2786 886 2856 constitutions
901 2784 1076 2880 d’Eugdne
1089 2789 1153 2876 IV,
1170 2810 1213 2855 an
1233 2777 1320 2867 1438.

288 2901 347 2999 (3(Ξ
366 2903 474 2999 partie
496 2901 541 2971 du
561 2917 586 2970 t.
606 2898 685 2990 111⁰,
707 2928 742 2998 p.
766 2903 839 2996 αι.)

336 3022 434 3088 Cette
454 3016 603 3088 decision
621 3016 794 3114 d'Eugbne
811 3019 864 3087 IV
881 3018 992 3088 nurait
1006 3017 1053 3087 du
1072 3018 1236 3086 terminer
1250 3033 1323 3110 pout
1375 3051 1376 3060 κ

287 3135 443 3228 toujours
471 3130 518 3202 les
539 3133 808 3204 contestationis:
838 3131 1171 3224 malheureusement
1201 3130 1223 3200 il
1257 3127 1322 3198 u'cu

281 3251 341 3320 ¹fut
357 3275 416 3346 pas
431 3250 528 3319 ainsi.
547 3253 616 3319 Peu
640 3247 799 3318 d’anndes
815 3249 924 3342 apres,
944 3245 1156 3317 c’est-adir'e
1171 3272 1214 3316 en
1234 3246 1322 3336 1449,

218 3403 219 3406 ¹
287 3363 524 3458 l’archevdque
546 3362 588 3432 de
614 3367 770 3454 Gnesne‚
793 3365 917 3459 primat
935 3363 977 3433 de
1001 3362 1174 3460 Pologne‚
1207 3351 1323 3430 recom-

285 3494 405 3574 'menca
430 3482 448 3549 a
472 3481 625 3578 disputer
643 3479 675 3551 la
698 3483 878 3576 prdsdance
902 3482 921 3550 a
949 3507 1000 3570 un
1021 3479 1198 3550 cardinal:
1227 3473 1323 3548 c’dtait

289 3597 468 3693 Sbignens,
492 3599 622 3692 dvdque
638 3597 680 3665 de
698 3598 873 3668 Cracovie.
890 3597 918 3666 ll
934 3623 977 3667 en
991 3596 1130 3686 resulta,
1154 3597 1196 3665 de
1215 3595 1243 3664 la
1260 3601 1323 3688 part

289 3713 330 3782 de
356 3712 492 3786 Nicolas
513 3717 563 3802 V,
594 3737 663 3782 une
685 3711 844 3782 sentence
872 3711 1056 3783 semblable
1080 3715 1098 3780 a
1120 3712 1206 3782 celle
1233 3709 1322 3779 d'Eu·

282 3829 372 3923 'gene
393 3819 455 3896 lV.
479 3828 733 3924 L’arcbequue
753 3829 794 3897 de
814 3833 951 3900 Gnesne
978 3827 1119 3898 s’oublla
1137 3824 1272 3922 jusqu’u
1289 3843 1323 3890 eu

286 3941 424 4042 appeler
437 3968 481 4014 au
494 3945 560 4033 roi,
577 3946 649 4040 qui,
666 3947 946 4046 beureusement‚
961 3944 1036 4040 plus
1050 3946 1178 4018 soumis
1194 3966 1258 4038 que
1271 3959 1323 4008 sou

287 4057 542 4162 metropolitam
558 4060 577 4133 b
595 4057 767 4134 l'autorite
784 4059 992 4166 pontificale,
1009 4060 1169 4166 rdpoudit
1187 4053 1268 4164 qu’il
1289 4075 1324 4126 ue
