2806 5026
180 465 528 538 concinnationem
545 485 711 538 naeronr
727 491 772 538 nu
788 489 816 538 s.
833 472 944 538 suine.
1021 465 1089 562 347

74 631 142 694 snat.
164 619 206 692 Ut
223 618 289 690 hoc
314 641 396 713 ergo
417 617 673 690 oonvanientam
702 618 987 688 ominationem
1006 619 1093 686 acci·
1119 651 1122 658 ·

11 827 12 838 ἵ
73 735 139 827 piat,
152 749 235 808 recte
249 734 373 808 hebere
390 733 499 804 tinum
519 742 586 823 eet,
606 749 644 804 nt
668 732 808 828 singulis
826 735 926 804 annis
947 733 982 804 in
1010 751 1094 806 uua·

72 874 180 944 quaque
204 851 377 946 provincia
406 850 457 920 bia
485 851 520 920 in
546 874 636 920 anno
666 849 786 945 synodi
817 849 902 922 finnt
922 875 930 920 ε
948 865 988 920 ut
1014 872 1093 922 oum

71 991 164 1038 omnes
182 967 363 1063 provinciae
389 967 539 1062 episcopi
559 967 594 1037 in
621 967 775 1043 eumdem
805 965 917 1038 locum
944 993 1095 1040 commu·

68 1082 137 1152 nitar
151 1085 378 1168 conveniunt,
397 1082 564 1175 ejusmodi
578 1083 779 1176 quanticum
800 1084 1051 1156 exaurinentnre
1062 1099 1095 1154 et

69 1197 104 1266 sic
120 1217 195 1292 quoe
219 1200 417 1298 episcopum
437 1195 619 1270 offendisse
643 1199 849 1287 comtiterit,
866 1197 956 1294 jueta
983 1225 1056 1270 esna
1075 1225 1093 1270 a

11 1355 12 1382 t
68 1315 305 1410 congregatione
332 1315 475 1409 separati
504 1313 595 1409 apud
620 1339 738 1386 omnen
765 1315 962 1404 videantur,
987 1315 1095 1387 donec

67 1430 277 1525 episcoporum
291 1431 546 1525 congregationi
561 1429 716 1502 videatur
729 1453 791 1526 pro
806 1431 1092 1504 inhumaniorem

67 1545 193 1636 proferre
208 1549 425 1620 seutentiam.
436 1544 513 1640 »(5‘
530 1569 653 1634 canon,
661 1547 793 1633 Menti,
808 1559 830 1616 t.
841 1548 886 1634 II,
898 1571 932 1640 p.
950 1543 1051 1643 670.)
1064 1545 1093 1616 ΙΙ

11 1655 13 1668 ’
66 1657 157 1753 s’agit,
172 1682 305 1734 comme
321 1685 365 1730 on
389 1661 477 1746 voit,
494 1660 536 1730 de
551 1684 635 1733 ceux
653 1661 711 1754 qui
728 1673 789 1730 ont
803 1658 857 1732 ete
867 1660 966 1756 jugae
980 1659 1094 1758 repre·

65 1771 211 1850 hensiblas
234 1803 296 1872 par
318 1777 396 1848 leur
416 1777 546 1873 civesque
574 1776 676 1873 (quoe
696 1776 893 1870 episcopum
915 1775 1096 1848 offendisse

11 1931 13 1966 ÷
67 1892 399 1986 continuumque
420 1890 494 1964 leur
513 1893 642 1986 eaeque
662 1892 966 1980 aexoomntuniem
978 1917 1017 1964 oe
1033 1894 1093 1988 qni

65 2027 95 2071 ne
114 2023 190 2100 peut
208 2006 401 2076 s'enteudre
417 2031 483 2101 que
497 2005 555 2078 des
574 2005 678 2078 clercs
696 2022 729 2080 et
748 2007 806 2078 dea
823 2006 951 2102 laiqneo
969 2010 1096 2080 soumis

63 2117 205 2218 ichaque
223 2123 361 2219 oreque.
379 2125 441 2196 tes
464 2125 565 2194 Peren
581 2123 623 2194 de
645 2124 751 2198 Nice'e
767 2122 961 2196 itabiieseut
982 2123 1013 2196 ln
1030 2151 1097 2196 ma·

62 2236 135 2308 uiire
151 2241 236 2312 dont
255 2266 309 2314 cea
335 2255 441 2312 sortes
466 2240 508 2312 de
528 2242 720 2336 jugements
745 2241 788 2312 de
815 2242 946 2338 chaque
970 2240 1096 2338 e'vequo

62 2375 106 2422 sur
120 2381 167 2428 sea
185 2357 293 2430 clercs
308 2371 340 2428 et
357 2381 408 2432 scs
424 2355 554 2454 laiques
576 2371 691 2428 cernat
707 2357 878 2430 examines
904 2385 945 2430 on
966 2359 1096 2430 concile

61 2471 251 2559 provincia13
273 2486 382 2566 quant
404 2497 448 2542 au
468 2471 558 2542 droit
576 2469 652 2543 d’en
672 2470 812 2566 appeler
827 2471 869 2542 de
892 2470 924 2544 la
940 2487 1097 2544 sentence

60 2581 94 2652 du
109 2588 236 2658 concile
255 2587 441 2682 provincial
462 2613 505 2660 au
526 2613 625 2683 pape,
647 2586 670 2658 il
691 2585 785 2658 nllait
804 2613 880 2658 sana
901 2587 983 2676 dire,
1001 2587 1097 2660 oties

60 2699 141 2772 Piros
167 2703 209 2774 de
231 2704 338 2774 Nicea
360 2727 401 2774 ne
423 2701 490 2774 s’en
516 2716 684 2798 occupent
707 2726 777 2798 pas.
801 2703 890 2776 C’e'at
908 2703 996 2776 douc
1018 2727 1095 2776 eane

59 2837 154 2888 aucun
169 2817 371 2890 fondement
392 2817 505 2912 quein
529 2817 628 2890 lettre
643 2815 831 2892 d'nu‘retius
854 2834 886 2892 ot
908 2817 966 2890 dea
984 2833 1096 2891 autres

58 2923 181 3026 iniquos
196 2934 299 3004 dinait
313 2933 355 3002 de
371 2955 425 3004 ces
441 2935 541 3004 Peres
554 2959 562 3002 :
577 2962 594 2998 u
607 2931 870 3004 Prudentissirne
880 2935 969 3005 enim
982 2934 1097 3030 justis·

59 3049 224 3144 «sineque
239 3047 703 3144 providerunt,quaecumque
720 3049 864 3144 negotio,
880 3051 913 3120 in
933 3053 1001 3124 suis
1014 3053 1096 3126 ionia

58 3192 71 3226 u
82 3165 135 3236 ubi
152 3181 227 3236 orta
244 3179 337 3245 sunt,
352 3165 510 3236 finienda.
529 3195 546 3230 n
563 3167 628 3234 Les
638 3167 740 3236 Pieres
756 3165 797 3234 de
809 3166 915 3238 Nioee
929 3167 1096 3242 n’avnient

56 3281 115 3352 rien
134 3283 185 3356 dit
202 3284 246 3354 de
261 3281 450 3354 semblable.
471 3283 577 3376 Apris
596 3296 684 3352 cette
701 3282 810 3354 fauese
834 3282 1025 3380 allegatiom
1043 3286 1096 3358 iee

55 3398 182 3492 ivitques
202 3397 381 3492 d'Afrique
400 3397 474 3466 font
493 3397 652 3466 observer
668 3422 710 3467 au
730 3421 815 3492 pape
828 3396 926 3493 qu'ils
942 3425 984 3470 ne
1001 3415 1096 3472 trou-

54 3531 122 3584 vent
136 3514 241 3588 e‘tabli
263 3539 326 3610 par
343 3539 453 3586 aucun
471 3537 582 3584 canon
599 3539 665 3609 que
679 3511 828 3609 l’e'aveque
847 3514 889 3585 de
912 3521 1020 3588 Rome
1036 3519 1096 3612 piet

54 3651 205 3727 enmyer,
217 3655 351 3700 comme
368 3628 392 3698 ii
411 3630 540 3714 faisen,
554 3620 612 3700 des
629 3628 733 3723 legate
752 3629 776 3698 ὰ
797 3628 920 3731 latere.

92 3749 135 3820 Iis
152 3749 201 3822 lui
222 3749 335 3820 disent
357 3747 399 3818 de
423 3771 539 3843 nepas
561 3769 711 3842 euvoyer
724 3745 781 3819 des
793 3745 899 3818 clercs
914 3732 1095 3844 potuere-

53 3879 136 3936 cnter
154 3893 207 3938 ses
222 3866 416 3961 jugements
429 3887 509 3934 avec
535 3862 632 3933 l’nide
654 3861 710 3932 des
730 3863 900 3958 puissnnts
916 3865 961 3936 du
977 3867 1095 3957 sienim

52 3980 85 4050 iis
98 3981 257 4077 asperent
275 3977 356 4075 qu'il
383 3981 522 4050 retirera
551 4003 628 4050 sans
647 3977 760 4050 retard
786 3977 817 4050 le
838 3978 928 4076 legat
947 3987 1096 4058 Faustin.

52 4095 143 4166 Enfin
163 4096 202 4167 ils
228 4096 260 4166 le
279 4096 392 4191 prient
421 4097 639 4166 instamment
659 4093 702 4166 de
725 4117 848 4190 nepas
870 4100 1021 4168 receuoir
1038 4100 1096 4170 de·
1172 4093 1176 4098 ’

62 4214 194 4282 sormais
225 4225 303 4309 trop
311 4210 528 4306 sara'lement
560 4210 606 4280 les
630 4207 747 4306 appels
774 4229 879 4284 venus
904 4211 1092 4312 d'Afrique.
