2928 5000
259 395 308 482 do
613 398 793 465 nunnitus
819 419 957 467 nansia.

259 542 471 613 stitutionem
496 544 708 640 cumprimis
735 542 893 618 valentia.
920 547 1094 644 Siquidem
1120 545 1155 618 in
1176 545 1315 641 synodis

259 657 512 755 redintegratur
534 661 667 749 unitas,
694 659 851 732 studetur
874 665 1009 758 corpori
1036 663 1070 732 in
1092 687 1153 734 sua
1173 661 1315 757 integri·

259 789 327 846 tate
342 775 586 862 conservando,
603 777 661 850 ubi
681 802 805 872 eaquae
821 779 855 848 in
873 779 1065 850 visitatione
1081 803 1149 847 non
1167 777 1316 846 dabatur

259 892 393 987 exequi,
413 891 645 981 executionem
666 891 788 962 studiis
808 895 1045 965 communibus
1066 910 1314 988 assequuntur;
1422 919 1425 922 ·

259 1006 316 1076 ubi
336 1006 378 1076 de
392 1008 501 1102 capite
515 1021 546 1076 et
567 1007 742 1097 membris,
759 1007 800 1078 de
813 1009 922 1080 lidcet
933 1011 1074 1106 pictate,
1090 1011 1132 1080 de
1149 1007 1318 1106 religione

259 1139 293 1194 et
305 1121 399 1220 cultu
415 1124 551 1213 divino,
568 1124 609 1193 de
620 1125 790 1215 moribus,
807 1125 849 1195 de
859 1127 1046 1224 disciplina,
1060 1127 1101 1199 de
1114 1126 1320 1212 obedientia,

259 1238 302 1307 de
317 1237 452 1332 judiciis
471 1252 504 1308 et
524 1239 624 1309 rebus
648 1241 807 1311 omnibus
829 1243 871 1312 ad
891 1245 978 1314 bene
993 1245 1244 1339 christianeque
1267 1242 1319 1311 vi·

260 1354 407 1425 rendum
435 1355 621 1425 commodis
642 1355 695 1425 vel
720 1359 914 1428 necessariis
936 1373 1102 1430 tractatur
1126 1375 1229 1454 atque
1252 1371 1320 1427 sta·

261 1472 393 1542 tuitur:
417 1486 456 1540 ut
474 1471 646 1542 verissime
668 1473 702 1540 in
726 1471 977 1544 reformationis
995 1475 1142 1546 formula
1161 1475 1319 1544 dicatur:

260 1585 349 1658 salus
375 1587 547 1675 ecclesiae,
572 1602 685 1657 terror
711 1589 860 1662 hostium
887 1591 959 1686 ejus
985 1602 1019 1661 et
1040 1591 1118 1661 fidei
1145 1589 1321 1661 catholicae

259 1700 525 1772 stabilimentum
551 1720 630 1773 sunt
652 1705 793 1799 synodi,
816 1732 900 1800 quas
926 1709 1028 1777 etiam
1051 1709 1232 1778 rectissime
1249 1732 1323 1776 cor

261 1819 356 1913 poris
374 1816 530 1888 Ecclesiae
552 1843 676 1888 nervos
698 1820 891 1891 dixerimus.
911 1823 1080 1918 Neglectis
1103 1824 1190 1892 enirn
1218 1847 1324 1918 syno-

263 1932 335 2021 dis,
355 1958 425 2002 non
443 1931 543 2002 aliter
565 1933 807 2005 ecclesiasticus
825 1936 909 2007 ordo
927 1937 1055 2008 dillluit
1075 1951 1181 2034 quam'
1197 1939 1224 2007 si
1243 1963 1323 2008 cor·

266 2076 328 2148 pus
356 2051 541 2121 humanum
576 2053 687 2122 nervis
709 2049 872 2124 solvatur.
906 2053 1035 2123 ldcirco
1060 2055 1239 2124 statuimus
1281 2069 1324 2123 ut

266 2166 413 2263 synodus
434 2166 621 2236 dioecesana
640 2170 822 2262 quotannis
841 2168 959 2240 bis.....
984 2168 1239 2242 celebretur...
1260 2173 1324 2263 Sy·

268 2283 396 2353 nodum
429 2306 511 2353 vero
538 2273 781 2379 provincialem
818 2283 974 2355 volumus
998 2287 1096 2379 juxta
1124 2283 1325 2357 Basileensis

268 2398 402 2470 concilii
417 2396 591 2469 decretum
607 2399 741 2494 singulo
757 2426 893 2496 quoque
910 2402 1056 2471 triennio
1066 2403 1140 2498 cogi
1154 2400 1286 2471 debere.
1305 2429 1323 2465 n

269 2519 389 2613 (Cone.
404 2517 446 2587 de
456 2515 605 2613 Cologne
615 2517 656 2586 de
671 2513 774 2612 15493
790 2521 841 2587 De
852 2515 1325 2614 synod01·umcelebratione.)

320 2633 401 2703 L’an
435 2633 525 2721 681,
554 2659 601 2702 un
632 2634 750 2729 prinae
782 2630 967 2731 zele.p0ur
996 2634 1028 2706 la
1054 2634 1099 2702 soi
1129 2631 1326 2727 catholique

271 2751 451 2841 adressait,
473 2775 539 2820 aun
559 2751 659 2820 Pieres
679 2749 725 2818 du
746 2747 878 2819 concile
893 2750 934 2818 de
956 2735 1100 2840 Tolede,
1124 2773 1178 2820 ces
1196 2749 1326 2818 me'mo·

270 2865 383 2939 rables
398 2862 531 2960 paroles
551 2890 559 2933 τ

323 3010 340 3045 u
360 2981 437 3050 Non
461 2979 603 3048 dubium
627 2993 692 3062 est,
710 2979 907 3049 sanctissimi
926 2981 1061 3068 Patres,
1085 2978 1178 3075 quod
1196 2979 1327 3076 optima

274 3094 498 3168 conciliorum
512 3092 684 3188 adjutoria
702 3096 815 3164 ruenti
836 3094 966 3164 mundo
986 3097 1214 3182 subveniunt,
1232 3095 1259 3164 si
1277 3094 1328 3163 of·

274 3212 398 3284 liciosis
422 3235 498 3305 quae
519 3210 719 3305 corrigenda
737 3225 818 3280 sunt
843 3210 961 3280 studiis
981 3226 1223 3306 peragantur...
1246 3210 1327 3280 ldeo

276 3343 412 3426 oportet
438 3342 475 3395 ut
498 3321 578 3419 quia
595 3350 655 3395 ore
674 3322 855 3396 Salvatoris
874 3329 980 3396 nostri
1003 3327 1144 3397 Domini
1163 3325 1211 3396 sal
1231 3341 1329 3397 terrae

277 3471 346 3514 esse
360 3442 564 3540 probamini,
579 3467 643 3537 per
660 3466 718 3511 vos
732 3441 925 3512 salvationis
938 3442 1089 3512 obtineat
1103 3442 1253 3528 lucrum,
1268 3468 1330 3538 per

276 3585 362 3658 quos
381 3557 647 3654 regenerationis
667 3559 811 3654 percipit
834 3573 1103 3647 sacramentum
1125 3574 1165 3630 ut
1186 3555 1331 3654 diligen-

276 3678 325 3774 tia
347 3674 554 3745 definitionis
582 3674 764 3766 vestrae'ab
792 3675 886 3742 omni
909 3673 1087 3745 emendata
1111 3675 1270 3769 contagio
1296 3689 1330 3744 et

276 3791 321 3862 ab
351 3788 553 3860 infirmitatis
582 3803 674 3884 peste
693 3789 736 3858 sit
759 3788 899 3861 liberata
925 3805 958 3859 et
980 3790 1150 3861 bonorum
1177 3789 1330 3860 omnium

277 3904 497 4002 proventibus
522 3905 681 4000 gratiosa.
706 3933 722 3970 n
742 3902 953 4005 (Allocution
975 3905 1022 3975 du
1047 3906 1098 3976 roi
1119 3903 1242 4002 Ervige
1264 3931 1332 3977 aux

277 4025 377 4095 Pieres
391 4021 437 4092 du
452 4020 627 4090 douzieme
647 4017 775 4091 concile
795 4020 836 4090 de
853 4019 996 4108 Tolbde,
1012 4018 1079 4090 l’an
1095 4019 1195 4116 681.)

324 4135 409 4210 L’an
431 4134 539 4234 1473,
559 4159 606 4206 un
627 4150 724 4208 autre
745 4134 876 4206 concile
895 4135 1093 4228 de'Tolede,
1114 4135 1332 4208 considerant
