2910 5038
557 467 803 534 ceremoniis.
1139 459 1203 532 581

154 617 313 715 gotiatori
340 631 401 686 aut
423 614 615 686 tabernario
646 616 680 683 in
710 615 832 708 pignus
853 614 944 685 dare.
966 615 1079 686 Minus
1109 613 1226 710 digne·

154 737 372 832 poenitentem
394 733 639 828 cujuscumque
657 735 704 802 rei
723 733 829 829 gratia
843 732 885 803 ad
901 730 1208 804 reconciliationem

153 877 222 923 non
247 851 427 938 adducite,
464 873 575 944 neque
602 850 631 918 ei
668 846 950 920 reconciliationis
978 849 1208 919 testimonium

157 968 346 1063 perhibete.
376 969 504 1036 Usuras
531 990 601 1035 non
622 965 768 1060 exigite3
796 989 857 1034 nec
879 961 1056 1034 facultates
1082 978 1209 1034 vestras

153 1094 230 1179 post
242 1084 489 1154 ordinationem
511 1096 657 1150 vestram
670 1081 848 1176 acquisitas
868 1080 1024 1170 alienate,
1046 1080 1208 1175 quoniam

152 1199 309 1272 Ecclesiae
323 1213 412 1269 sunt.
430 1196 553 1268 Nullus
572 1199 674 1268 etiam
693 1223 759 1288 res,
777 1198 1013 1292 possessiones,
1032 1213 1092 1268 aut
1109 1221 1208 1267 man-

153 1317 281 1413 cipium
296 1313 451 1386 Ecclesiae
470 1313 636 1403 vendere,
668 1327 895 1401 commutare,
916 1326 975 1384 aut
994 1336 1223 1406 quocumque¹

153 1430 291 1525 ingenio
310 1443 496 1524 praesumat
514 1428 673 1499 alienare.
689 1426 813 1504 Nullus
826 1429 990 1500 decimam
1001 1426 1140 1498 alterius
1156 1453 1210 1498 re·

152 1547 268 1641 cipiat.
290 1545 414 1616 Nullus
435 1547 654 1641 poenitentem
678 1569 815 1618 carnem
837 1546 1060 1631 manducare,
1082 1559 1140 1615 aut
1160 1545 1209 1612 vi·

153 1689 239 1733 num
263 1663 382 1733 bibere
403 1663 536 1752 invitet,
553 1663 618 1732 nisi
636 1687 699 1759 pro
716 1687 756 1732 eo
767 1677 849 1733 tunc
866 1660 1110 1758 eleemosynam
1125 1661 1211 1736 lece·

152 1782 210 1850 rit.
240 1781 394 1875 Quisque
420 1779 533 1849 fontes
561 1777 776 1874 baptismales
803 1776 952 1872 lapideos
981 1779 1104 1849 habeat
1125 1778 1212 1848 bene

152 1897 320 1985 mundos·;
341 1921 429 1991 quos
452 1897 479 1966 si
500 1896 624 1966 habere
642 1921 710 1966 uon
738 1896 882 1991 poterit,
900 1920 959 1965 vas
978 1893 1071 1965 aliud
1088 1894 1212 1966 adhoc

132 2031 239 2106 ¹opus
276 2008 384 2082 solum
415 2010 615 2105 deputatum
643 2027 767 2082 teneat.
797 2011 966 2080 Omnibus
1000 2010 1214 2106 parochianis

152 2128 272 2198 vestris
290 2125 483 2222 symbolum
495 2141 528 2196 et
542 2129 729 2197 orationem
748 2126 950 2196 dominicam
963 2128 1141 2197 insinuate.
1156 2131 1212 2196 Je-

151 2244 250 2339 junia
267 2257 424 2338 quatuor
438 2257 631 2338 temporum
648 2257 683 2312 et
696 2242 761 2312 alia
771 2242 929 2314 Ecclesiae
943 2243 1100 2314 mandata
1112 2248 1214 2340 signi·

153 2359 254 2429 ficate
281 2358 506 2428 observanda.
535 2361 625 2427 Ante
652 2358 943 2453 quadragesimam
977 2376 1097 2452 quarta
1127 2361 1210 2430 seria

148 2473 314 2572 populum
340 2474 382 2544 ad
415 2474 659 2544 confessionem
687 2475 843 2560 invitate,
874 2491 910 2545 et
931 2475 1090 2557 confessis
1113 2477 1210 2570 juxta

151 2591 351 2687 qualitatem
387 2591 568 2660 criminum
598 2591 836 2685 poenitentiam
872 2591 1052 2686 injungite.
1088 2594 1211 2662 Tribus

152 2709 365 2803 temporibus
385 2707 421 2775 in
438 2731 549 2793 anuo,
567 2706 602 2775 id
619 2719 688 2792 est,
704 2707 890 2776 Nativitate
907 2708 1063 2796 Domini,
1080 2711 1208 2782 Pascha

148 2838 186 2914 ¹et
202 2826 415 2910 Pentecoste,
436 2846 552 2892 omnes
572 2820 687 2891 fideles
702 2822 862 2893 accedere
879 2823 923 2893 ad
936 2827 1211 2897 communionem

150 2940 305 3035 corporis
336 2938 477 3012 Domini
501 2939 609 3007 nostri
633 2941 711 3009 lesu
731 2938 858 3010 Christi
884 2939 1085 3025 admonete,
1109 2957 1143 3011 et
1169 2968 1212 3013 ne

152 3058 314 3144 omittat,
344 3056 427 3150 quin
455 3052 572 3124 saltem
606 3056 640 3122 iu
674 3056 802 3124 Pascha
828 3057 1066 3128 communicet.
1102 3061 1212 3131 Certis

152 3173 364 3268 temporibus
383 3171 583 3264 conjugatos
604 3170 775 3240 abstinere
798 3173 841 3242 ab
865 3173 1028 3266 uxoribus
1053 3176 1213 3246 exhorta-

150 3291 246 3360 mini.
261 3287 384 3362 Nullus
403 3300 551 3356 vestrum
570 3286 709 3375 rubeis,
729 3301 790 3356 aut
808 3288 991 3388 viridibus,
1014 3287 1067 3358 vel
1087 3289 1212 3362 laicali-

150 3407 216 3476 bus
233 3405 383 3475 vestihus
409 3417 536 3474 utatur.
558 3404 658 3473 Diem
681 3403 906 3493 dominicam,
927 3420 961 3474 et
974 3421 1108 3477 coeteras
1123 3407 1213 3479 lesti-

149 3525 273 3596 vitates
303 3524 431 3615 absque
460 3545 566 3617 opere
593 3520 728 3608 servili,
758 3547 777 3590 a
814 3547 949 3616 vespere
980 3525 1015 3592 in
1034 3549 1212 3620 vesperam

150 3639 314 3710 celebrari
339 3637 470 3706 docete.
502 3639 630 3706 Cantus
657 3650 691 3704 et
706 3636 845 3710 choreas
865 3636 1049 3708 mulierum
1070 3641 1103 3710 in
1126 3645 1213 3715 atrio

151 3755 298 3827 ecclesiae
310 3753 498 3848 prohibete.
515 3752 780 3842 Incantationes,
796 3778 899 3848 super
910 3768 1062 3824 mortuos
1079 3773 1214 3829 noctur·

146 3872 205 3952 ¹nis
225 3872 320 3940 horis
341 3894 359 3938 a
382 3867 484 3962 vulgo
497 3867 570 3938 fieri
591 3883 782 3958 consuetas,
802 3871 865 3938 sub
884 3872 1130 3969 contestatione
1148 3875 1212 3943 Dei

153 3987 398 4081 omnipotentis
421 3998 544 4054 vetate.
571 3987 660 4054 Cum
674 3987 973 4056 excommunicatis
992 3986 1098 4056 nolite
1115 4013 1213 4058 com-

152 4103 329 4176 municare
346 4091 356 4170 ε’
375 4124 418 4168 ne
438 4101 515 4193 quis
541 4115 691 4169 vestrum
714 4102 748 4169 in
775 4127 892 4171 eorum
920 4103 1099 4198 praesentia
1124 4102 1208 4174 cele·

154 4221 255 4288 brare
275 4229 475 4310 praesnmat,
494 4214 587 4307 quod
606 4216 707 4287 etiam
730 4215 821 4310 plebi
844 4218 1010 4289 nuntiate.
1030 4221 1073 4286 Et
1099 4219 1213 4291 nullus
