2844 5028
250 437 321 524 488
591 442 803 520 Qusrntbne
829 459 968 508 rnnrrn.

251 590 441 677 Athanase,
469 587 543 659 leur
570 590 731 659 adressait
755 613 793 658 ce
809 590 1005 684 *repr-cobet
1033 620 1050 655 ι(
1066 592 1114 660 An
1137 587 1292 683 ignoratis

169 739 174 748 ·
251 707 371 775 «hanc
387 729 456 774 esse
474 700 755 776 consuetudinem
774 720 813 776 nt
829 707 976 801 primum
993 705 1090 776 nobis
1113 703 1292 800 scribatur,

252 836 318 890 aet
333 822 414 890 hinc
434 821 526 915 quod
542 823 675 916 justum
696 837 746 892 est
766 822 977 893 decernatur.
1001 823 1132 906 Sanejsi
1155 821 1294 916 quahn·

250 936 427 1029 «jusmodi
445 938 590 1031 suspicio
608 938 643 1006 in
664 936 754 1006 illius
769 937 863 1006 urbis
877 938 1073 1032 episcopum
1092 935 1246 1022 cadebat,
1258 933 1296 1004 ad

250 1081 266 1116 a
282 1053 371 1122 hanc
390 1052 571 1122 Ecclesiam
596 1052 829 1148 (Romanam)
849 1053 1067 1123 scribendum
1094 1051 1173 1122 fuit.
1201 1053 1295 1124 Nunc

250 1195 268 1230 n
283 1183 397 1238 autern
417 1167 484 1257 illi,
507 1193 543 1238 rc
563 1170 662 1240 nobis
678 1195 748 1239 non
766 1169 935 1258 iudicata,
954 1183 1193 1264 postea-qnam
1211 1166 1295 1262 qnod

249 1283 379 1356 «libuit
400 1309 513 1381 egere,
529 1309 628 1356 nos...
648 1287 722 1355 sibi
737 1286 873 1356 demum
893 1285 1132 1382 suffragatores
1153 1309 1224 1354 esse
1241 1309 1296 1356 ro·

249 1430 266 1464 a
281 1399 367 1471 lunt.
382 1401 603 1497 n(Constant,
621 1427 698 1498 pag.
715 1401 813 1499 387.)

297 1527 326 1588 A
345 1543 400 1587 ces
418 1519 666 1613 temoignages‚
693 1517 777 1612 qu’il
795 1519 898 1588 serait
915 1517 1012 1588 facile
1034 1517 1077 1586 de
1097 1516 1293 1614 multiplier,

249 1660 335 1704 nous
356 1635 555 1730 ajouterous
577 1634 760 1734 celuid'un
776 1641 887 1730 paien.
908 1634 1007 1705 Voici
1027 1615 1202 1705 comment
1221 1639 1295 1704 Am·

249 1753 338 1821 roien
363 1750 528 1820 Marcelin
557 1777 644 1820 nous
674 1767 812 1821 raconte
837 1749 883 1822 les
909 1752 1078 1822 instaures
1102 1753 1163 1844 qui
1191 1751 1296 1820 latent

249 1867 345 1938 faites
366 1892 410 1936 au
430 1893 517 1964 pape
537 1869 671 1958 Libere,
698 1893 788 1964 pour
809 1893 876 1962 que
903 1865 934 1938 la
961 1882 1119 1938 sentence
1144 1862 1297 1963 synodale

248 1982 290 2051 de
308 1981 498 2077 deposition
516 1999 635 2054 contre
650 1985 740 2054 saint
755 1985 925 2054 Athanase
940 1983 992 2052 fut
1009 1981 1219 2052 nonlirmee:

296 2099 495 2187 «Liberius,
516 2100 706 2170 christianae
731 2099 813 2195 legis
829 2102 981 2187 antisteS,
999 2124 1017 2168 a
1036 2100 1240 2170 Constantio
1260 2096 1296 2166 ad

248 2215 481 2284 «comitatum
498 2216 586 2284 mitti
606 2230 794 2311 prereptus
816 2231 883 2306 est,
909 2230 1070 2310 tunquam
1089 2214 1297 2310 imperatoris

250 2361 267 2396 a
279 2315 380 2424 jussis
390 2345 423 2400 et
435 2331 663 2425 plurimorum
678 2333 729 2401 s'ui
746 2331 956 2402 consortium
968 2329 1111 2402 decretis
1125 2333 1296 2418 obsistens,

247 2475 263 2511 a
280 2447 313 2515 in
333 2471 489 2539 requam
514 2447 609 2516 brevi
633 2461 727 2518 textu
754 2436 972 2542 percurram:
988 2447 1213 2517 Athanasium
1233 2446 1297 2540 epi-

186 2573 189 2578 '
247 2589 416 2658 «scopum
434 2588 475 2632 eo
496 2577 649 2657 tempore
671 2564 764 2658 apud
785 2562 1043 2657 Alexandriam,
1064 2561 1157 2634 ultra
1177 2563 1297 2659 profes·
1401 2567 1402 2594 ³

249 2707 265 2740 a
281 2680 414 2748 sionem¹
447 2678 547 2748 altius
578 2704 612 2748 se
635 2679 855 2768 efferentem,
887 2681 1117 2774 sciscitarique
1143 2695 1295 2770 conatum

250 2809 443 2880 «externa,
485 2808 524 2862 ut
552 2793 733 2888 prodidere
760 2819 913 2864 rumores
944 2794 1096 2883 adsidui,
1135 2811 1243 2866 coetus
1266 2796 1295 2861 in

247 2941 264 2976 a
280 2935 386 2980 unum
407 2911 568 3003 quae'situs
592 2910 743 3004 ejusdem
772 2909 837 2981 loci
864 2910 1051 2980 multorum
1081 2909 1244 3006 (synodus
1263 2923 1296 2978 ut

248 3059 265 3092 «
280 3024 469 3123 appellant)
487 3028 666 3098 removita
684 3042 897 3098 sacramento
921 3028 1015 3121 quod
1033 3028 1222 3099 obtinebat.
1243 3026 1295 3097 ni-

249 3173 266 3208 a
280 3143 423 3212 rebatur
441 3143 530 3210 enirn
557 3141 773 3213 fatidicarum
798 3143 941 3212 sortium
961 3143 1081 3230 fidem,
1101 3169 1222 3240 quaeve
1242 3167 1295 3212 au-

248 3255 413 3354 «gurales
432 3257 679 3353 portenderent
698 3256 813 3345 alites,
835 3259 1057 3328 scientissime
1082 3258 1219 3350 callens,
1238 3257 1296 3328 ali-

249 3375 413 3469 «quoties
434 3373 625 3468 praedixisse
644 3375 783 3445 futura:
799 3377 968 3470 superbis
986 3376 1252 3446 intendebantur
1270 3373 1294 3441 ei

250 3491 345 3560 «alia
369 3515 506 3584 quoque
532 3515 550 3558 a
577 3492 754 3584 proposito
775 3491 856 3586 legis
878 3492 1099 3574 abhorrentia
1117 3497 1172 3562 cui
1192 3491 1295 3588 praesi-

250 3637 267 3672 a
283 3606 395 3676 debat.
419 3610 521 3674 Hunc
539 3632 600 3701 per
617 3608 901 3702 subscriptionem
924 3609 1071 3703 abjicere
1092 3609 1170 3678 sede
1189 3631 1294 3678 sacer-

250 3721 400 3807 «dotali,
417 3723 510 3816 paria
530 3706 678 3792 sentiens
697 3724 825 3792 caeteris
838 3774 847 3811 ,
859 3724 1001 3818 jubente
1019 3725 1185 3819 principe,
1208 3725 1310 3792 Libe·

249 3835 559 3925 «rius,'monitns,
580 3853 835 3933 perseveranter
853 3839 1087 3934 renitebatur,
1112 3865 1174 3908 nec
1198 3841 1292 3934 risum

210 3977 216 3988 ·
251 3985 268 4020 a
282 3955 454 4024 bominem
481 3979 541 4022 nec
559 3954 715 4023 auditum
735 3954 898 4025 damnare
917 3955 1013 4026 nefas
1024 3954 1191 4027 ultimum
1215 3975 1291 4046 saepc

249 4068 485 4156 «exclamans3
504 4085 619 4164 aperte
640 4069 769 4140 scilicet
787 4068 1005 4140 recalcitrans
1019 4072 1228 4166 imperatoris
1243 4092 1291 4138 ar·

195 4205 198 4210 ·
250 4185 395 4254 «bitrio.
413 4183 450 4252 td
466 4185 556 4254 enim
582 4183 655 4274 ille,
671 4185 859 4256 Athanasio
881 4209 1013 4280 semper
1040 4185 1200 4272 infestae,
1223 4183 1289 4252 licet
