2910 5038
427 995 760 1092 CHAPITRE
796 1005 864 1094 ΙΙ.-

156 1245 335 1304 Ce‘re'monial
345 1259 467 1308 centena
481 1250 556 1308 dans
569 1253 596 1307 le
609 1251 768 1330 Pontifical
780 1255 907 1329 romain,
922 1275 987 1318 sous
997 1245 1031 1314 ee
1044 1257 1127 1314 titre:

482 1354 570 1412 Οιυο
591 1375 629 1412 sn
649 1357 805 1415 Sinonun.

556 1616 732 1648 -nmt-

161 1903 376 1976 Sacerdotes
403 1921 440 1976 et
463 1905 586 1976 elerici
608 1907 763 1976 universi
779 1907 844 2004 qui
868 1903 921 1976 ad
933 1907 1105 2000 „mnodum
1128 1909 1172 1980 de

103 2019 186 2116 jure
206 2021 275 2092 vel
292 2020 543 2091 consuetudine
560 2023 686 2092 venire
709 2038 881 2109 tenentur,
911 2027 1119 2096 conveniunt
1133 2029 1172 2096 in

112 2139 271 2224 civitate,
293 2136 358 2208 vel
368 2138 442 2208 alio
456 2137 546 2229 loeo,
557 2155 670 2236 pmut
679 2139 852 2235 pontifex
871 2139 1096 2215 ordinaverit.

160 2259 292 2327 Prima
315 2267 436 2324 autem
461 2252 518 2324 die
534 2253 674 2349 synodi,
696 2256 866 2352 pontifex
890 2281 1031 2329 summo
1053 2284 1170 2346 mane,

110 2396 273 2472 cappam
288 2368 443 2461 indutus,
467 2369 514 2440 ab
532 2372 692 2441 universo
706 2371 799 2442 elem
812 2395 891 2442 eum
910 2365 1175 2470 superpelliceis

110 2491 313 2560 comitatus
325 2484 377 2556 ad
390 2486 576 2557 ecelesiam
601 2489 746 2585 pergit5
759 2503 917 2584 paratur
936 2489 973 2560 in
997 2488 1100 2576 sede,·
1117 2517 1172 2561 oe-

109 2602 231 2675 lebrat
247 2605 398 2674 missam
409 2600 452 2672 de
470 2604 604 2698 Spiritu
624 2605 775 2693 Sancta,
795 2620 832 2674 et
843 2602 981 2700 proebet
1000 2605 1091 2676 clero
1112 2631 1173 2676 sa·

110 2743 214 2792 cram
232 2722 543 2805 communionem
565 2743 637 2816 qua
648 2719 756 2805 finita
767 2736 924 2817 paratur
932 2719 1173 2814 faldistorium

108 2853 197 2907 ante
221 2833 382 2907 medium
406 2833 554 2921 altaris,
575 2833 688 2932 juata
711 2835 916 2931 inferiorem
938 2836 1092 2938 gradum
1108 2864 1180 2935 per

106 2977 218 3050 quern
239 2949 297 3023 ad
307 2950 423 3020 altare
439 2949 667 3037 ascenditur3
686 2965 721 3020 et
740 2951 816 3024 alia
827 2949 930 3022 sedes
945 2955 983 3022 in
993 2953 1109 3049 plano
1122 2955 1176 3024 al·

109 3076 205 3140 taris
228 3069 243 3164 (
255 3070 392 3165 poterit
412 3083 531 3138 tamen
547 3066 801 3159 faldistorium
829 3095 893 3139 suo
922 3060 1075 3168 tempore
1100 3071 1177 3140 loto

106 3183 288 3258 secundet
304 3181 413 3269 sedt's,
434 3209 514 3254 turn
527 3199 665 3280 tempus
677 3187 761 3276 erit,
772 3185 895 3281 poru').
911 3183 1080 3282 Pontifex
1093 3213 1177 3258 vero

105 3328 225 3404 supra
251 3299 455 3388 rochetum,
486 3300 569 3391 vel,
592 3302 627 3370 si
645 3303 695 3373 sit
717 3302 906 3398 regularis,
929 3327 1038 3398 supra
1056 3297 1178 3405 super·
1264 3318 1266 3322 ’

96 3420 323 3514 pelliceum,
337 3417 485 3505 amietu,
508 3417 618 3510 stola,
633 3416 792 3514 pluviali
803 3415 909 3488 rubeo
921 3434 957 3488 et
974 3422 1081 3490 nu'tra
1089 3407 1178 3516 pre·

104 3538 205 3608 tiosa
231 3531 422 3620 induitur3
438 3532 567 3630 quibus
579 3549 747 3630 paratus,
777 3531 941 3603 barulum
956 3534 1180 3630 pastoralem
1265 3525 1267 3530 ⁸

104 3675 227 3721 manu
239 3645 389 3744 stereus,
413 3648 556 3721 aceedit
576 3671 695 3718 eoram
718 3647 850 3731 altari,·
869 3646 1019 3720 diacono
1039 3667 1078 3720 et
1099 3649 1181 3720 sub·

103 3768 274 3840 diacono
297 3767 443 3860 parutis
469 3762 586 3835 rubeis
610 3765 851 3849 ornamentis,
880 3789 925 3834 ae
951 3767 986 3835 si
1009 3769 1046 3836 in
1068 3768 1181 3837 missa

101 3887 249 3962 servire
271 3878 457 3966 deberent,
490 3881 605 3976 ipsum
632 3879 717 3950 binc
739 3895 774 3949 et
801 3878 882 3949 inde
905 3883 1180 3968 associantibus,

102 4015 141 4069 et
156 3997 215 4070 ibi
229 4009 320 4065 ante
329 3993 582 4090 faldistorium
604 3993 675 4066 sibi
691 4011 862 4091 puratum
877 3999 1105 4098 genuflexus,
1125 3997 1184 4067 de-

94 4116 234 4214 posita
253 4113 377 4204 mitra,
395 4113 535 4210 incipit,
552 4111 676 4183 soboba
687 4129 936 4212 prosequente,
947 4115 1183 4215 arurjobonam

101 4231 156 4332 (8
181 4229 272 4304 toni
282 4228 319 4324 )z
802 4239 807 4250 '
