2806 5024
212 454 414 507 ransourns
432 453 646 540 coueostqp
663 455 706 536 pq
724 459 889 534 cupetur,
907 463 982 514 arn.
1062 447 1128 552 'll

3 595 5 658 ÷
97 585 331 694 «consputam
348 589 383 687 in
400 585 545 690 eraclia
560 589 934 688 ruricolatur»
949 597 1012 684 tu
1029 621 1129 684 nro-

3 719 4 794 ῐ
99 705 184 812 autu
201 720 293 810 tert,
310 702 499 806 totum,
518 705 697 811 tutulum.
716 731 834 818 ,surm
851 710 960 806 unint-

3 820 4 847 ¹
137 821 193 918 Cu
208 819 443 914 commendet,
460 819 656 917 rexqurllrs
678 821 702 916 u
720 824 805 916 luit
824 824 958 914 natural
981 851 1048 922 rur
1070 825 1129 918 tu

96 936 166 1046 titt
179 962 213 1032 u
229 936 419 1028 mutassent,
439 961 570 1030 mune
591 936 631 1028 its
648 935 697 1034 εἰ
716 953 793 1032 aaut
810 964 852 1032 eu
872 939 953 1032 effu
966 939 1069 1034 neta
1083 967 1128 1032 au

97 1054 190 1157 troad
205 1055 387 1152 eminent
408 1053 450 1124 de
468 1053 500 1134 ta
518 1053 694 1150 discipline
712 1055 944 1151 morutium,
973 1073 1035 1150 ont
1054 1058 1131 1155 teil

3 1231 4 1270 ,
96 1155 216 1261 disparu
236 1167 279 1234 de
303 1165 334 1238 la
355 1163 493 1272 plupart
510 1165 569 1266 ,deq
589 1192 688 1268 paysq
711 1181 745 1257 et
767 1166 790 1264 il
807 1182 857 1260 est
870 1167 1035 1266 prqbable
1050 1196 1132 1266 que,

3 1279 4 1320 ³
95 1283 115 1350 si
133 1280 177 1352 les
202 1282 320 1354 ordres
341 1281 504 1376 religieux
526 1284 833 1376 recommenqaient
858 1286 876 1355 ὲ
904 1285 1021 1356 lleurir
1052 1304 1086 1358 et
1111 1289 1130 1358 a

3 1381 5 1440 l
94 1398 237 1491 posseder
255 1396 305 1466 les
322 1395 416 1466 biens
431 1395 615 1492 temporels
633 1399 691 1491 qui
715 1397 789 1468 leur
807 1415 885 1470 sont
908 1403 1130 1490 necessaires,

3 1515 4 1518 ’
94 1509 296 1608 l'expericnce
316 1511 361 1581 du
375 1511 470 1608 passe
485 1512 712 1606 empdchcrait
729 1511 761 1583 le
779 1528 896 1584 retour
911 1513 1014 1586 d'une
1032 1517 1130 1587 insti-

93 1630 189 1700 tution
206 1624 283 1727 plus
306 1630 513 1726 dangercusc
527 1627 684 1724 qu’utile.
700 1633 801 1720 Mais,
819 1658 861 1702 en
883 1648 1071 1730 regrettant
1083 1631 1131 1702 les

91 1746 177 1836 abus,
204 1746 250 1818 les
273 1747 441 1817 e‘crivains
464 1743 676 1841 catholiqucs
698 1747 837 1818 doivent
856 1751 1131 1846 soigneuscment

61 1865 63 1870 '
90 1861 179 1932 evitet·
200 1863 242 1933 de
265 1879 386 1960 porter
403 1863 546 1933 atteintc
562 1888 606 1933 au
621 1863 714 1935 droit
739 1864 914 1959 pontifical
930 1865 989 1962 qui
1007 1869 1130 1936 servait

5 2009 6 2012 ¹
91 1977 123 2045 de
139 1978 374 2050 fondemeutd
398 1994 486 2049 cette
513 1979 727 2067 institution,
756 1981 866 2076 etqui
890 1997 941 2052 est
960 1983 1130 2054 incontes-

92 2093 180 2167 table.
199 2100 256 2166 On
280 2119 499 2190 remarquera
517 2109 606 2166 cette
621 2097 889 2192 circonspection
912 2097 996 2167 daus
1011 2096 1058 2167 les
1072 2124 1130 2193 pa·

90 2207 164 2280 roles
189 2213 363 2282 suivantes
392 2209 434 2281 (le
461 2210 556 2282 Leon
582 2214 616 2280 X
640 2210 792 2306 (concile
821 2214 862 2284 de
892 2215 1038 2300 Latran,
1065 2238 1133 2283 ses-

90 2324 150 2394 sion
177 2330 239 2424 19)
263 2353 271 2397 :
301 2355 318 2390 n
340 2327 513 2413 Quoniam
535 2351 577 2398 ex
598 2327 805 2399 commendis
825 2329 1130 2418 monasteriorum,

90 2470 103 2503 r
116 2459 151 2512 ut
163 2445 327 2540 magistra
341 2466 455 2512 rerum
470 2433 681 2538 experientia
693 2443 821 2532 docuit,
845 2444 1046 2514 monasteria
1062 2445 1133 2540 ipsa

7 2629 8 2648 ἱ
89 2561 238 2629 «tamin
263 2555 497 2653 spiritualibus
521 2584 622 2654 quam
645 2560 680 2628 in
709 2558 953 2653 temporalibus
981 2560 1133 2655 graviter

90 2672 296 2764 «laeduntur,
315 2675 442 2770 quippe
452 2700 598 2769 quorum
613 2674 753 2744 aedificia
768 2675 893 2771 partim
913 2674 1131 2746 commenda·

89 2790 278 2860 «lariorum
301 2789 528 2886 negligentia,
548 2791 674 2884 partim
690 2791 832 2860 avaritia
849 2787 904 2858 vel
925 2788 1049 2882 injuria
1063 2787 1133 2858 col-

88 2903 287 2994 rlabuntur,
313 2919 347 2974 et
372 2909 407 2973 in
426 2906 497 2974 dies
519 2904 654 2976 divinus
677 2905 790 2976 cultus
813 2907 846 2974 in
874 2907 926 2975 his
948 2907 1054 3000 magis
1080 2904 1133 2975 di-

3 3079 4 3082 ,
90 3021 304 3109 uminuitur,
339 3021 530 3114 passimque
564 3019 773 3114 obloquendi
806 3024 949 3091 materia
981 3021 1133 3115 personis

88 3137 300 3226 «praesertim
325 3133 539 3204 saecularibus
558 3135 741 3229 praebetur,
768 3160 836 3204 non
861 3135 987 3229 absque
1018 3135 1134 3230 digui-

88 3249 186 3319 «tatis
211 3245 408 3345 apostolicae
430 3248 517 3318 sedis
539 3249 777 3335 diminutione,
805 3274 824 3318 a
845 3275 912 3344 qua
928 3250 1134 3320 commendoe

89 3365 209 3460 «hujus
228 3365 323 3434 modi
346 3363 629 3458 proficiscuntur3
650 3379 689 3434 ut
708 3391 826 3436 eorum
848 3365 1061 3435 indemnitati
1079 3392 1132 3435 sa-

93 3507 106 3540 «
121 3478 250 3550 lubrius
269 3479 479 3567 consulatur,
500 3478 656 3550 volumus
681 3506 720 3550 ac
738 3480 906 3550 sancimus
924 3495 962 3549 ut
982 3505 1059 3549 cum
1079 3479 1133 3548 illa

95 3620 177 3689 «per
202 3597 338 3666 obitum
365 3595 526 3665 abbatum
553 3595 612 3690 qui
630 3593 696 3663 illis
722 3609 889 3690 praeerant
916 3596 1131 3684 vacaverint,

91 3713 205 3781 «nullo
233 3725 336 3806 pacto
366 3711 524 3805 cuiquam
549 3711 676 3804 possint
701 3708 952 3796 commendari3
978 3709 1040 3777 nisi
1072 3735 1135 3806 pro

93 3827 377 3896 «conservatione
396 3827 606 3896 auctoritatis
624 3825 817 3920 apostolicae
842 3824 946 3908 sedis,
968 3841 1003 3894 et
1020 3824 1062 3894 ad
1078 3850 1134 3895 oc-

91 3943 319 4011 «currendum
342 3940 478 4011 malitiis
503 3939 594 4011 illam
616 3941 892 4036 impugnantium
917 3966 979 4035 pro
1002 3956 1135 4037 tempo-

90 4081 188 4125 ‹trum
209 4057 371 4151 qualitate
387 4057 484 4126 aliter
503 4057 600 4126 uobis
619 4055 662 4126 dc
681 4055 825 4127 fratrum
841 4073 1035 4127 nostrorum
1053 4080 1135 4125 eon·
1255 4044 1258 4049 ¹

92 4196 105 4232 l
121 4170 192 4240 silio
213 4174 322 4242 risum
340 4173 440 4244 luerit
457 4171 624 4268 expedire.
641 4201 658 4236 »

924 4295 974 4354 10.
