2804 5022
204 452 560 504 concrememur
581 455 743 504 nsrrour
764 454 809 502 su
826 455 852 500 s.
869 435 980 500 sides.
1062 427 1134 504 323

98 577 274 671 lebrandis,
296 603 380 676 quaa
401 581 554 676 proxime
570 605 748 652 numerosa
761 581 957 676 cognitione
979 578 1135 650 discussi·

96 721 180 783 mus,
195 695 272 770 lieet
293 699 364 794 ipse
381 697 441 772 diu
457 713 665 794 expectatus,
684 697 855 772 fastidiose
872 697 983 768 ferens
1003 697 1065 768 sibi
1080 696 1136 766 im

96 812 202 886 ducias
222 815 403 886 attributas
428 817 609 890 convenire
638 813 872 888 dissimulet...
900 817 1059 884 Attamen
1078 809 1136 882 ille

96 930 304 1026 presumptio
324 956 386 1002 nos
401 931 586 1004 admodum
605 932 731 1020 movit,
746 929 839 1026 quod
855 931 890 1001 in
907 928 1037 1026 synodo
1050 932 1137 998 Tau·

95 1045 231 1133 rinensi,
254 1071 332 1118 cunr
354 1045 455 1144 longe
479 1047 573 1120 eliud
594 1064 765 1145 ageretur,
783 1049 819 1120 in
840 1037 1030 1144 apestolinae
1047 1045 1136 1116 sedis

94 1160 245 1256 injuriam
271 1163 535 1260 subripiendum
559 1167 710 1259 putavit,
735 1180 775 1236 ut
799 1165 862 1236 sibi
887 1162 1026 1234 concilii
1044 1160 1136 1234 illius

91 1278 293 1354 emendicata
329 1281 486 1377 obreptio
520 1297 693 1378 prestaret
721 1279 996 1352 ordinandorum
1028 1277 1135 1350 veluti

4 1439 5 1456 .
93 1393 352 1491 metropolitano
370 1396 405 1466 in
426 1397 641 1472 Narbonensi
657 1397 806 1470 secunda
832 1396 1006 1492 provincia
1021 1410 1136 1492 potes-

92 1525 201 1586 talem.

138 1655 155 1700 r<
171 1629 339 1702 iussimus
359 1631 579 1727 praeeipuam,
594 1633 693 1704 sicuti
711 1655 844 1726 semper
860 1629 996 1716 babuit,
1010 1644 1139 1700 metm·

4 1829 5 1854 ἱ
91 1743 260 1837 politanus
271 1747 452 1841 epiecopus
468 1745 711 1820 Arelatensium
726 1746 872 1818 civitatis
887 1745 922 1814 in
940 1744 1141 1817 ordinandis

90 1861 321 1934 sacerdotibus
341 1877 453 1936 teneat
478 1865 726 1936 anctoritatem.
745 1865 992 1950 Viennensem,
1010 1863 1143 1935 Narbo-¹

90 2001 228 2050 nensem
250 1979 394 2073 primam
415 1995 450 2052 et
469 1981 727 2055 Narbonensem
752 1979 934 2052 secundam
952 1978 1144 2074 provincias

88 2093 129 2164 nd
153 2094 370 2189 pontificium
391 2121 490 2170 suurn
514 2112 700 2170 revnoet.»

136 2217 202 2284 Les
227 2211 383 2288 ebicanes
409 2239 471 2310 par
494 2212 679 2310 lesquelles·
695 2213 845 2306 Quesnel
868 2228 998 2285 tortore
1017 2237 1056 2283 ee
1081 2211 1144 2282 fait

88 2353 180 2423 pour
192 2353 237 2400 en
253 2327 369 2404 dluder
383 2328 415 2404 le
424 2333 670 2424 consequence,
683 2346 762 2403 sont
772 2332 953 2402 curienses.
968 2332 1016 2398 Le
1029 2342 1147 2398 serant

87 2445 171 2518 Cbr.
193 2444 292 2519 Wolf
305 2444 351 2516 les
371 2446 481 2520 re'fute
503 2471 546 2518 an
564 2447 663 2543 chap.
689 2471 732 2518 10
751 2446 793 2518 de
812 2472 872 2516 son
893 2447 991 2517 traite
1010 2443 1053 2514 de
1076 2449 1146 2514 Ro·
1274 2515 1277 2521 ,
1308 2451 1309 2456 ’

88 2563 212 2634 manis
224 2560 533 2658 appellationibus.
545 2567 609 2636 Cet
619 2578 742 2634 auteur
756 2587 884 2656 pronre
893 2561 977 2630 dena
989 2586 1027 2630 ce
1039 2559 1147 2628 meme

87 2677 246 2776 chapitre
258 2702 325 2771 que
342 2683 478 2766 lazare,
493 2679 620 2774 dvdque
633 2678 741 2767 d'Aix,
758 2694 793 2748 et
803 2661 920 2763 Erote,
936 2675 1147 2767 archeveque

86 2792 244 2882 d’Artes,
267 2819 308 2866 en
339 2793 534 2890 appeterent
560 2793 796 2890 pareillernent
819 2819 863 2864 eu
889 2818 975 2889 pape
993 2791 1149 2878 Zosime,

87 2913 149 3006 qui
173 2910 221 2984 tes
240 2910 429 2984 nondumne
457 2927 492 2982 et
517 2911 681 2984 confirma
703 2908 750 2980 les
773 2925 944 2981 sentennes
968 2906 1144 3004 synodales

87 3025 169 3122 deje
192 3028 329 3122 portdes
346 3041 463 3100 contre
478 3053 560 3098 eux.

140 3142 255 3238 Appel
269 3142 311 3216 de
325 3144 486 3234 Briccins,
502 3143 714 3238 archevdque
728 3141 771 3212 de
786 3145 908 3232 Tours,
923 3143 1001 3210 snus
1016 3137 1046 3210 le
1064 3163 1150 3235 pepe

88 3261 243 3334 zosime.
264 3301 307 3316 -
336 3263 393 3330 Un
419 3261 477 3331 des
503 3262 624 3332 crimes
650 3258 692 3330 de
714 3263 858 3342 Lazaro,
882 3259 1009 3352 deeque
1035 3253 1154 3364 d'Aix3

85 3376 220 3478 depose'
246 3377 461 3472 parZosime,
481 3379 572 3448 avait
594 3378 646 3448 dte
664 3401 731 3446 une
751 3373 916 3446 calomnie
937 3375 964 3443 si
981 3374 1061 3443 bien
1082 3389 1152 3443 tre-

92 3493 174 3566 mee
190 3507 310 3566 contre
330 3493 492 3578 Briceius,
509 3492 719 3586 archevmue
741 3491 782 3560 de
795 3493 918 3581 Tours,
935 3514 1002 3582 que
1015 3513 1053 3557 ce
1065 3490 1154 3557 saint

91 3608 209 3706 prelat
232 3608 287 3680 fut
302 3607 449 3704 degrade'
469 3622 505 3680 et
523 3606 647 3702 dipose'
666 3633 727 3702 per
746 3621 904 3678 sentence
922 3601 1100 3699 synodale,
1119 3618 1154 3674 et

90 3723 202 3822 qu’on
223 3723 296 3796 etut
316 3726 335 3796 *a
355 3749 389 3796 sa
407 3723 502 3820 place
522 3723 662 3796 d’ebord
679 3723 869 3812 Justinien,
890 3736 924 3790 et
938 3720 1068 3790 ensuite
1087 3725 1154 3792 Ar·

92 3841 260 3914 mentius.
272 3845 341 3930 Or,
356 3843 443 3912 voici
461 3866 577 3936 oeque
590 3867 676 3912 nous
690 3855 848 3935 rapporte
871 3839 889 3908 d
911 3863 949 3908 ce
965 3837 1052 3932 sujet
1065 3839 1155 3908 saint

89 3955 268 4054 Grdgoire
281 3956 322 4030 de
331 3961 455 4050 Tours,
470 3957 554 4030 dens
567 3957 598 4029 le
613 3957 737 4028 second
753 3955 837 4025 livre
857 3955 898 4025 de
915 3980 980 4026 son
993 3955 1156 4039 Histoire,

89 4075 251 4169 chapitre
281 4099 293 4148 r
323 4101 329 4142 :
359 4074 543 4148 «Briceins
572 4079 733 4146 Romane
760 4073 855 4144 urbis
874 4097 993 4169 papam
1019 4071 1157 4166 expetiit

90 4191 185 4262 flens
205 4203 240 4262 et
259 4188 404 4284 ejulans,
421 4205 522 4285 atque
538 4191 674 4268 dicens:
694 4189 817 4261 Merito
841 4189 911 4260 bren
933 4188 1043 4283 patior
1071 4189 1161 4282 quie-

945 4314 996 4368 21.
