<?xml version="1.0" encoding="UTF-8"?>
<!DOCTYPE html PUBLIC "-//W3C//DTD XHTML 1.0 Transitional//EN"
    "http://www.w3.org/TR/xhtml1/DTD/xhtml1-transitional.dtd">
<html xmlns="http://www.w3.org/1999/xhtml" xml:lang="en" lang="en">
 <head>
  <title>
</title>
<meta http-equiv="Content-Type" content="text/html;charset=utf-8" />
  <meta name='ocr-system' content='tesseract 3.04.00' />
  <meta name='ocr-capabilities' content='ocr_page ocr_carea ocr_par ocr_line ocrx_word'/>
</head>
<body>
  <div class='ocr_page' id='page_1' title='image "./duconcileprovin00bouigoog/duconcileprovin00bouigoog_0233.png"; bbox 0 0 2806 5024; ppageno 0'>
   <div class='ocr_carea' id='block_1_1' title="bbox 229 421 1142 520">
    <p class='ocr_par' dir='ltr' id='par_1_1' title="bbox 229 421 1142 520">
     <span class='ocr_line' id='line_1_1' title="bbox 229 421 1142 520; baseline 0.01 -30"><span class='ocrx_word' id='word_1_1' title='bbox 229 445 427 494; x_wconf 82' lang='lat' dir='ltr'><strong>rsasouuss</strong></span> <span class='ocrx_word' id='word_1_2' title='bbox 445 445 658 495; x_wconf 78' lang='lat' dir='ltr'><strong>courossur</strong></span> <span class='ocrx_word' id='word_1_3' title='bbox 678 445 720 494; x_wconf 78' lang='lat' dir='ltr'><strong>us</strong></span> <span class='ocrx_word' id='word_1_4' title='bbox 736 445 905 520; x_wconf 76' lang='lat' dir='ltr'><strong>corcus,</strong></span> <span class='ocrx_word' id='word_1_5' title='bbox 922 447 995 497; x_wconf 84' lang='lat' dir='ltr'><strong>src.</strong></span> <span class='ocrx_word' id='word_1_6' title='bbox 1073 421 1142 500; x_wconf 75' lang='lat' dir='ltr'><strong>arb</strong></span> 
     </span>
    </p>
   </div>
   <div class='ocr_carea' id='block_1_2' title="bbox 11 568 1214 1364">
    <p class='ocr_par' dir='ltr' id='par_1_2' title="bbox 11 568 1214 1364">
     <span class='ocr_line' id='line_1_2' title="bbox 106 568 1141 669; baseline 0.007 -29"><span class='ocrx_word' id='word_1_7' title='bbox 106 584 136 642; x_wconf 87' lang='lat' dir='ltr'><strong>et</strong></span> <span class='ocrx_word' id='word_1_8' title='bbox 157 568 240 656; x_wconf 86' lang='lat' dir='ltr'><strong>loco,</strong></span> <span class='ocrx_word' id='word_1_9' title='bbox 264 598 408 668; x_wconf 82' lang='lat' dir='ltr'><strong>nerupe:</strong></span> <span class='ocrx_word' id='word_1_10' title='bbox 429 575 604 669; x_wconf 86' lang='lat' dir='ltr'><strong>episcopos</strong></span> <span class='ocrx_word' id='word_1_11' title='bbox 629 589 663 644; x_wconf 89' lang='lat' dir='ltr'><strong>et</strong></span> <span class='ocrx_word' id='word_1_12' title='bbox 689 573 731 644; x_wconf 88' lang='lat' dir='ltr'><strong>ab</strong></span> <span class='ocrx_word' id='word_1_13' title='bbox 751 574 917 669; x_wconf 87' lang='lat' dir='ltr'><strong>episcopis</strong></span> <span class='ocrx_word' id='word_1_14' title='bbox 941 576 1141 648; x_wconf 70' lang='lat' dir='ltr'><strong>absentibus</strong></span> 
     </span>
     <span class='ocr_line' id='line_1_3' title="bbox 105 689 1146 788; baseline 0.009 -34.172"><span class='ocrx_word' id='word_1_15' title='bbox 105 689 466 782; x_wconf 81' lang='lat' dir='ltr'><strong>missospmcuratores,</strong></span> <span class='ocrx_word' id='word_1_16' title='bbox 481 690 623 760; x_wconf 85' lang='lat' dir='ltr'><strong>scamnis</strong></span> <span class='ocrx_word' id='word_1_17' title='bbox 636 690 683 758; x_wconf 91' lang='lat' dir='ltr'><strong>eis</strong></span> <span class='ocrx_word' id='word_1_18' title='bbox 693 692 818 784; x_wconf 86' lang='lat' dir='ltr'><strong>paratis</strong></span> <span class='ocrx_word' id='word_1_19' title='bbox 835 717 873 760; x_wconf 87' lang='lat' dir='ltr'><strong>err</strong></span> <span class='ocrx_word' id='word_1_20' title='bbox 892 707 1035 786; x_wconf 79' lang='lat' dir='ltr'><strong>utruque</strong></span> <span class='ocrx_word' id='word_1_21' title='bbox 1049 710 1146 788; x_wconf 79' lang='lat' dir='ltr'><strong>purte</strong></span> 
     </span>
     <span class='ocr_line' id='line_1_4' title="bbox 104 804 1146 900; baseline 0.009 -30"><span class='ocrx_word' id='word_1_22' title='bbox 104 804 202 874; x_wconf 90' lang='lat' dir='ltr'><strong>chori.</strong></span> <span class='ocrx_word' id='word_1_23' title='bbox 217 807 298 874; x_wconf 83' lang='lat' dir='ltr'>Post</span> <span class='ocrx_word' id='word_1_24' title='bbox 308 831 376 890; x_wconf 83' lang='lat' dir='ltr'><strong>eos,</strong></span> <span class='ocrx_word' id='word_1_25' title='bbox 388 807 532 876; x_wconf 84' lang='lat' dir='ltr'><strong>scaurrris</strong></span> <span class='ocrx_word' id='word_1_26' title='bbox 541 804 850 900; x_wconf 80' lang='lat' dir='ltr'><strong>sr&#39;mr&#39;literpuratis,</strong></span> <span class='ocrx_word' id='word_1_27' title='bbox 865 807 1146 879; x_wconf 82' lang='lat' dir='ltr'><strong>archimandritas</strong></span> 
     </span>
     <span class='ocr_line' id='line_1_5' title="bbox 104 920 1145 1018; baseline 0.008 -32"><span class='ocrx_word' id='word_1_28' title='bbox 104 943 155 987; x_wconf 88' lang='lat' dir='ltr'><strong>scu</strong></span> <span class='ocrx_word' id='word_1_29' title='bbox 178 920 318 990; x_wconf 82' lang='lat' dir='ltr'>abbates</span> <span class='ocrx_word' id='word_1_30' title='bbox 340 923 400 1015; x_wconf 88' lang='lat' dir='ltr'><strong>qui</strong></span> <span class='ocrx_word' id='word_1_31' title='bbox 425 920 660 990; x_wconf 84' lang='lat' dir='ltr'><strong>benedictione</strong></span> <span class='ocrx_word' id='word_1_32' title='bbox 684 937 820 1015; x_wconf 87' lang='lat' dir='ltr'><strong>accepta</strong></span> <span class='ocrx_word' id='word_1_33' title='bbox 844 924 978 992; x_wconf 89' lang='lat' dir='ltr'><strong>mitram</strong></span> <span class='ocrx_word' id='word_1_34' title='bbox 998 939 1145 1018; x_wconf 79' lang='lat' dir='ltr'><strong>gestant3</strong></span> 
     </span>
     <span class='ocr_line' id='line_1_6' title="bbox 104 1034 1214 1131; baseline 0.008 -29"><span class='ocrx_word' id='word_1_35' title='bbox 104 1050 131 1102; x_wconf 91' lang='lat' dir='ltr'><strong>et</strong></span> <span class='ocrx_word' id='word_1_36' title='bbox 154 1034 276 1106; x_wconf 86' lang='lat' dir='ltr'><strong>deinde</strong></span> <span class='ocrx_word' id='word_1_37' title='bbox 293 1061 350 1106; x_wconf 88' lang='lat' dir='ltr'><strong>eos</strong></span> <span class='ocrx_word' id='word_1_38' title='bbox 374 1038 498 1131; x_wconf 91' lang='lat' dir='ltr'><strong>quibus</strong></span> <span class='ocrx_word' id='word_1_39' title='bbox 521 1053 602 1106; x_wconf 89' lang='lat' dir='ltr'><strong>sunt</strong></span> <span class='ocrx_word' id='word_1_40' title='bbox 628 1037 863 1108; x_wconf 85' lang='lat' dir='ltr'><strong>commendata</strong></span> <span class='ocrx_word' id='word_1_41' title='bbox 888 1039 1090 1110; x_wconf 82' lang='lat' dir='ltr'><strong>monasteria</strong></span> <span class='ocrx_word' id='word_1_42' title='bbox 1110 1055 1145 1110; x_wconf 91' lang='lat' dir='ltr'><strong>et</strong></span> <span class='ocrx_word' id='word_1_43' title='bbox 1210 1123 1214 1130; x_wconf 18' lang='lat'><strong>⁴</strong></span> 
     </span>
     <span class='ocr_line' id='line_1_7' title="bbox 103 1153 1154 1242; baseline 0.011 -26"><span class='ocrx_word' id='word_1_44' title='bbox 103 1167 332 1242; x_wconf 76' lang='lat' dir='ltr'><strong>procuratores</strong></span> <span class='ocrx_word' id='word_1_45' title='bbox 357 1153 518 1222; x_wconf 91' lang='lat' dir='ltr'><strong>abbatum</strong></span> <span class='ocrx_word' id='word_1_46' title='bbox 542 1168 576 1221; x_wconf 88' lang='lat' dir='ltr'><strong>et</strong></span> <span class='ocrx_word' id='word_1_47' title='bbox 594 1154 887 1222; x_wconf 82' lang='lat' dir='ltr'><strong>monasteriorum.</strong></span> <span class='ocrx_word' id='word_1_48' title='bbox 907 1157 1154 1228; x_wconf 75' lang='lat' dir='ltr'><strong>Procuratores</strong></span> 
     </span>
     <span class='ocr_line' id='line_1_8' title="bbox 11 1267 1146 1364; baseline 0.008 -32"><span class='ocrx_word' id='word_1_49' title='bbox 11 1303 12 1308; x_wconf 17' lang='grc' dir='ltr'><strong>κ</strong></span> <span class='ocrx_word' id='word_1_50' title='bbox 102 1280 205 1338; x_wconf 86' lang='lat' dir='ltr'><strong>autem</strong></span> <span class='ocrx_word' id='word_1_51' title='bbox 218 1267 445 1362; x_wconf 84' lang='lat' dir='ltr'><strong>collegiorum</strong></span> <span class='ocrx_word' id='word_1_52' title='bbox 457 1293 531 1362; x_wconf 87' lang='lat' dir='ltr'><strong>quae</strong></span> <span class='ocrx_word' id='word_1_53' title='bbox 547 1268 694 1364; x_wconf 87' lang='lat' dir='ltr'><strong>capitula</strong></span> <span class='ocrx_word' id='word_1_54' title='bbox 709 1281 874 1338; x_wconf 86' lang='lat' dir='ltr'><strong>vocantur</strong></span> <span class='ocrx_word' id='word_1_55' title='bbox 890 1273 1146 1360; x_wconf 81' lang='lat' dir='ltr'><strong>cauorricorum,</strong></span> 
     </span>
    </p>
   </div>
   <div class='ocr_carea' id='block_1_3' title="bbox 11 1382 1142 1456">
    <p class='ocr_par' dir='ltr' id='par_1_3' title="bbox 11 1382 1142 1456">
     <span class='ocr_line' id='line_1_9' title="bbox 11 1382 1142 1456; baseline 0.005 -6"><span class='ocrx_word' id='word_1_56' title='bbox 11 1391 12 1408; x_wconf 66' lang='lat'>¹</span> <span class='ocrx_word' id='word_1_57' title='bbox 102 1382 192 1452; x_wconf 88' lang='lat' dir='ltr'><strong>simul</strong></span> <span class='ocrx_word' id='word_1_58' title='bbox 207 1409 288 1454; x_wconf 91' lang='lat' dir='ltr'><strong>cum</strong></span> <span class='ocrx_word' id='word_1_59' title='bbox 303 1386 475 1456; x_wconf 86' lang='lat' dir='ltr'><strong>canonicis</strong></span> <span class='ocrx_word' id='word_1_60' title='bbox 489 1385 524 1456; x_wconf 89' lang='lat' dir='ltr'><strong>in</strong></span> <span class='ocrx_word' id='word_1_61' title='bbox 543 1411 659 1454; x_wconf 89' lang='lat' dir='ltr'><strong>eorum</strong></span> <span class='ocrx_word' id='word_1_62' title='bbox 676 1384 843 1454; x_wconf 77' lang='lat' dir='ltr'><strong>cathedris</strong></span> <span class='ocrx_word' id='word_1_63' title='bbox 862 1409 1010 1454; x_wconf 72' lang='lat' dir='ltr'><strong>sessuros</strong></span> <span class='ocrx_word' id='word_1_64' title='bbox 1021 1409 1142 1456; x_wconf 82' lang='lat' dir='ltr'><strong>conve·</strong></span> 
     </span>
    </p>
   </div>
   <div class='ocr_carea' id='block_1_4' title="bbox 11 1499 1232 4278">
    <p class='ocr_par' dir='ltr' id='par_1_4' title="bbox 11 1499 1232 1944">
     <span class='ocr_line' id='line_1_10' title="bbox 102 1499 1232 1596; baseline 0.004 -31"><span class='ocrx_word' id='word_1_65' title='bbox 102 1499 226 1570; x_wconf 88' lang='lat' dir='ltr'><strong>nieuter</strong></span> <span class='ocrx_word' id='word_1_66' title='bbox 240 1500 354 1570; x_wconf 89' lang='lat' dir='ltr'><strong>ordini</strong></span> <span class='ocrx_word' id='word_1_67' title='bbox 370 1526 487 1572; x_wconf 90' lang='lat' dir='ltr'><strong>eorum</strong></span> <span class='ocrx_word' id='word_1_68' title='bbox 502 1503 721 1588; x_wconf 76' lang='lat' dir='ltr'><strong>evocationis,</strong></span> <span class='ocrx_word' id='word_1_69' title='bbox 744 1502 825 1570; x_wconf 90' lang='lat' dir='ltr'><strong>etin</strong></span> <span class='ocrx_word' id='word_1_70' title='bbox 849 1501 889 1570; x_wconf 89' lang='lat' dir='ltr'><strong>iis</strong></span> <span class='ocrx_word' id='word_1_71' title='bbox 907 1499 989 1570; x_wconf 88' lang='lat' dir='ltr'><strong>locis</strong></span> <span class='ocrx_word' id='word_1_72' title='bbox 1003 1521 1081 1596; x_wconf 68' lang='lat' dir='ltr'><strong>quae</strong></span> <span class='ocrx_word' id='word_1_73' title='bbox 1102 1503 1148 1572; x_wconf 89' lang='lat' dir='ltr'><strong>cis</strong></span> <span class='ocrx_word' id='word_1_74' title='bbox 1229 1562 1232 1570; x_wconf 91' lang='lat'>.</span> 
     </span>
     <span class='ocr_line' id='line_1_11' title="bbox 11 1615 1148 1712; baseline 0.005 -32"><span class='ocrx_word' id='word_1_75' title='bbox 11 1615 13 1674; x_wconf 75' lang='grc' dir='ltr'><strong>ἰ</strong></span> <span class='ocrx_word' id='word_1_76' title='bbox 102 1615 307 1710; x_wconf 83' lang='lat' dir='ltr'><strong>assignarent</strong></span> <span class='ocrx_word' id='word_1_77' title='bbox 334 1616 476 1712; x_wconf 90' lang='lat' dir='ltr'><strong>capituli</strong></span> <span class='ocrx_word' id='word_1_78' title='bbox 495 1617 694 1688; x_wconf 84' lang='lat' dir='ltr'><strong>-rheuteusis</strong></span> <span class='ocrx_word' id='word_1_79' title='bbox 722 1632 761 1685; x_wconf 91' lang='lat' dir='ltr'><strong>ut</strong></span> <span class='ocrx_word' id='word_1_80' title='bbox 786 1631 910 1686; x_wconf 86' lang='lat' dir='ltr'><strong>vocant</strong></span> <span class='ocrx_word' id='word_1_81' title='bbox 935 1617 1148 1704; x_wconf 77' lang='lat' dir='ltr'><strong>seneschalli,</strong></span> 
     </span>
     <span class='ocr_line' id='line_1_12' title="bbox 11 1725 1148 1822; baseline 0 -20"><span class='ocrx_word' id='word_1_82' title='bbox 11 1725 12 1802; x_wconf 87' lang='lat' dir='ltr'><strong>l</strong></span> <span class='ocrx_word' id='word_1_83' title='bbox 103 1730 152 1822; x_wconf 89' lang='lat' dir='ltr'><strong>qui</strong></span> <span class='ocrx_word' id='word_1_84' title='bbox 167 1732 215 1800; x_wconf 91' lang='lat' dir='ltr'><strong>eis</strong></span> <span class='ocrx_word' id='word_1_85' title='bbox 236 1732 421 1802; x_wconf 86' lang='lat' dir='ltr'><strong>ostendent</strong></span> <span class='ocrx_word' id='word_1_86' title='bbox 439 1732 592 1802; x_wconf 86' lang='lat' dir='ltr'><strong>ordinem</strong></span> <span class='ocrx_word' id='word_1_87' title='bbox 605 1732 687 1804; x_wconf 87' lang='lat' dir='ltr'><strong>olim</strong></span> <span class='ocrx_word' id='word_1_88' title='bbox 705 1747 902 1812; x_wconf 82' lang='lat' dir='ltr'><strong>consuetum</strong></span> <span class='ocrx_word' id='word_1_89' title='bbox 923 1733 1095 1804; x_wconf 87' lang='lat' dir='ltr'><strong>observari</strong></span> <span class='ocrx_word' id='word_1_90' title='bbox 1113 1734 1148 1802; x_wconf 88' lang='lat' dir='ltr'><strong>in</strong></span> 
     </span>
     <span class='ocr_line' id='line_1_13' title="bbox 103 1843 1075 1944; baseline 0.01 -33"><span class='ocrx_word' id='word_1_91' title='bbox 103 1843 194 1938; x_wconf 89' lang='lat' dir='ltr'><strong>hujus</strong></span> <span class='ocrx_word' id='word_1_92' title='bbox 213 1847 311 1916; x_wconf 88' lang='lat' dir='ltr'><strong>modi</strong></span> <span class='ocrx_word' id='word_1_93' title='bbox 325 1847 486 1918; x_wconf 89' lang='lat' dir='ltr'><strong>conciliis.</strong></span> <span class='ocrx_word' id='word_1_94' title='bbox 505 1849 692 1944; x_wconf 61' lang='lat' dir='ltr'><strong>(Orlespum</strong></span> <span class='ocrx_word' id='word_1_95' title='bbox 705 1875 738 1944; x_wconf 89' lang='lat' dir='ltr'><strong>p.</strong></span> <span class='ocrx_word' id='word_1_96' title='bbox 760 1850 934 1936; x_wconf 69' lang='lat' dir='ltr'><strong>123Parls,</strong></span> <span class='ocrx_word' id='word_1_97' title='bbox 954 1849 1075 1943; x_wconf 71' lang='lat'>1646.)</span> 
     </span>
    </p>

    <p class='ocr_par' dir='ltr' id='par_1_5' title="bbox 103 1962 1148 2292">
     <span class='ocr_line' id='line_1_14' title="bbox 143 1962 1148 2060; baseline 0.002 -28"><span class='ocrx_word' id='word_1_98' title='bbox 143 1967 171 2032; x_wconf 83' lang='lat' dir='ltr'><strong>A</strong></span> <span class='ocrx_word' id='word_1_99' title='bbox 190 1962 221 2032; x_wconf 92' lang='lat' dir='ltr'><strong>la</strong></span> <span class='ocrx_word' id='word_1_100' title='bbox 236 1988 326 2060; x_wconf 83' lang='lat' dir='ltr'><strong>page</strong></span> <span class='ocrx_word' id='word_1_101' title='bbox 343 1965 495 2032; x_wconf 86' lang='lat' dir='ltr'><strong>suivantc</strong></span> <span class='ocrx_word' id='word_1_102' title='bbox 510 1989 595 2033; x_wconf 86' lang='lat' dir='ltr'><strong>nous</strong></span> <span class='ocrx_word' id='word_1_103' title='bbox 611 1989 736 2059; x_wconf 82' lang='lat' dir='ltr'><strong>royons</strong></span> <span class='ocrx_word' id='word_1_104' title='bbox 750 1962 781 2034; x_wconf 90' lang='lat' dir='ltr'><strong>le</strong></span> <span class='ocrx_word' id='word_1_105' title='bbox 797 1964 927 2034; x_wconf 86' lang='lat' dir='ltr'><strong>concile</strong></span> <span class='ocrx_word' id='word_1_106' title='bbox 940 1989 982 2034; x_wconf 83' lang='lat' dir='ltr'><strong>en</strong></span> <span class='ocrx_word' id='word_1_107' title='bbox 1000 1965 1148 2054; x_wconf 76' lang='lat' dir='ltr'><strong>marche,</strong></span> 
     </span>
     <span class='ocr_line' id='line_1_15' title="bbox 103 2078 1147 2176; baseline 0.004 -30"><span class='ocrx_word' id='word_1_108' title='bbox 103 2092 131 2146; x_wconf 93' lang='lat' dir='ltr'><strong>et</strong></span> <span class='ocrx_word' id='word_1_109' title='bbox 153 2078 198 2149; x_wconf 88' lang='lat' dir='ltr'><strong>les</strong></span> <span class='ocrx_word' id='word_1_110' title='bbox 227 2082 511 2176; x_wconf 76' lang='lat' dir='ltr'><strong>proces-verbaux</strong></span> <span class='ocrx_word' id='word_1_111' title='bbox 530 2097 590 2151; x_wconf 90' lang='lat' dir='ltr'><strong>out</strong></span> <span class='ocrx_word' id='word_1_112' title='bbox 618 2083 691 2150; x_wconf 90' lang='lat' dir='ltr'><strong>soiu</strong></span> <span class='ocrx_word' id='word_1_113' title='bbox 713 2082 754 2150; x_wconf 92' lang='lat' dir='ltr'><strong>de</strong></span> <span class='ocrx_word' id='word_1_114' title='bbox 780 2107 864 2151; x_wconf 93' lang='lat' dir='ltr'><strong>nous</strong></span> <span class='ocrx_word' id='word_1_115' title='bbox 885 2098 1041 2172; x_wconf 73' lang='lat' dir='ltr'><strong>racouter</strong></span> <span class='ocrx_word' id='word_1_116' title='bbox 1061 2081 1147 2151; x_wconf 88' lang='lat' dir='ltr'><strong>ainsi</strong></span> 
     </span>
     <span class='ocr_line' id='line_1_16' title="bbox 103 2189 926 2292; baseline 0.01 -32"><span class='ocrx_word' id='word_1_117' title='bbox 103 2189 217 2266; x_wconf 86' lang='lat' dir='ltr'><strong>l’ordre</strong></span> <span class='ocrx_word' id='word_1_118' title='bbox 232 2197 319 2266; x_wconf 91' lang='lat' dir='ltr'><strong>daus</strong></span> <span class='ocrx_word' id='word_1_119' title='bbox 334 2196 445 2291; x_wconf 89' lang='lat' dir='ltr'><strong>lequel</strong></span> <span class='ocrx_word' id='word_1_120' title='bbox 460 2198 591 2267; x_wconf 84' lang='lat' dir='ltr'><strong>chacun</strong></span> <span class='ocrx_word' id='word_1_121' title='bbox 605 2221 638 2266; x_wconf 88' lang='lat' dir='ltr'><strong>se</strong></span> <span class='ocrx_word' id='word_1_122' title='bbox 652 2199 801 2268; x_wconf 87' lang='lat' dir='ltr'><strong>trouvait</strong></span> <span class='ocrx_word' id='word_1_123' title='bbox 813 2196 926 2292; x_wconf 83' lang='lat' dir='ltr'><strong>place&#39;:</strong></span> 
     </span>
    </p>

    <p class='ocr_par' dir='ltr' id='par_1_6' title="bbox 12 2313 1149 3320">
     <span class='ocr_line' id='line_1_17' title="bbox 145 2313 1148 2408; baseline 0.004 -30"><span class='ocrx_word' id='word_1_124' title='bbox 145 2343 160 2378; x_wconf 76' lang='grc' dir='ltr'><strong>ι(</strong></span> <span class='ocrx_word' id='word_1_125' title='bbox 175 2313 429 2386; x_wconf 86' lang='lat' dir='ltr'><strong>Illustrissimus</strong></span> <span class='ocrx_word' id='word_1_126' title='bbox 454 2328 487 2384; x_wconf 89' lang='lat' dir='ltr'><strong>et</strong></span> <span class='ocrx_word' id='word_1_127' title='bbox 507 2313 801 2384; x_wconf 88' lang='lat' dir='ltr'><strong>reverendissimus</strong></span> <span class='ocrx_word' id='word_1_128' title='bbox 834 2313 1015 2408; x_wconf 77' lang='lat' dir='ltr'><strong>cardinalis</strong></span> <span class='ocrx_word' id='word_1_129' title='bbox 1034 2314 1148 2384; x_wconf 87' lang='lat' dir='ltr'><strong>archi-</strong></span> 
     </span>
     <span class='ocr_line' id='line_1_18' title="bbox 12 2413 1148 2526; baseline 0.002 -29"><span class='ocrx_word' id='word_1_130' title='bbox 12 2413 14 2468; x_wconf 58' lang='grc' dir='ltr'><strong><em>Ῑ</em></strong></span> <span class='ocrx_word' id='word_1_131' title='bbox 104 2431 332 2524; x_wconf 84' lang='lat' dir='ltr'><strong>«episcopus,</strong></span> <span class='ocrx_word' id='word_1_132' title='bbox 362 2457 439 2500; x_wconf 92' lang='lat' dir='ltr'><strong>cum</strong></span> <span class='ocrx_word' id='word_1_133' title='bbox 460 2429 647 2526; x_wconf 86' lang='lat' dir='ltr'><strong>aliquando</strong></span> <span class='ocrx_word' id='word_1_134' title='bbox 668 2445 869 2518; x_wconf 83' lang='lat' dir='ltr'><strong>recreasset,</strong></span> <span class='ocrx_word' id='word_1_135' title='bbox 899 2431 1067 2524; x_wconf 77' lang='lat' dir='ltr'><strong>ingressus</strong></span> <span class='ocrx_word' id='word_1_136' title='bbox 1100 2445 1148 2499; x_wconf 83' lang='lat' dir='ltr'><strong>est</strong></span> 
     </span>
     <span class='ocr_line' id='line_1_19' title="bbox 12 2545 1146 2644; baseline -0.002 -26"><span class='ocrx_word' id='word_1_137' title='bbox 12 2552 17 2592; x_wconf 70' lang='lat'><em>²</em></span> <span class='ocrx_word' id='word_1_138' title='bbox 104 2548 299 2637; x_wconf 84' lang='lat' dir='ltr'><strong>«chorum,</strong></span> <span class='ocrx_word' id='word_1_139' title='bbox 317 2575 395 2620; x_wconf 80' lang='lat' dir='ltr'><strong>cunr</strong></span> <span class='ocrx_word' id='word_1_140' title='bbox 420 2551 584 2644; x_wconf 86' lang='lat' dir='ltr'><strong>episcopis</strong></span> <span class='ocrx_word' id='word_1_141' title='bbox 604 2548 732 2618; x_wconf 85' lang='lat' dir='ltr'><strong>indutis</strong></span> <span class='ocrx_word' id='word_1_142' title='bbox 753 2546 977 2642; x_wconf 85' lang='lat' dir='ltr'><strong>pastoralibus</strong></span> <span class='ocrx_word' id='word_1_143' title='bbox 1000 2545 1146 2618; x_wconf 85' lang='lat' dir='ltr'><strong>chlami-</strong></span> 
     </span>
     <span class='ocr_line' id='line_1_20' title="bbox 13 2659 1147 2761; baseline -0.002 -27"><span class='ocrx_word' id='word_1_144' title='bbox 13 2659 14 2734; x_wconf 50' lang='grc' dir='ltr'>ζ</span> <span class='ocrx_word' id='word_1_145' title='bbox 105 2664 253 2750; x_wconf 87' lang='lat' dir='ltr'><strong>«dibus,</strong></span> <span class='ocrx_word' id='word_1_146' title='bbox 276 2691 335 2736; x_wconf 89' lang='lat' dir='ltr'><strong>seu</strong></span> <span class='ocrx_word' id='word_1_147' title='bbox 366 2665 585 2761; x_wconf 83' lang='lat' dir='ltr'><strong>pluvialibus,</strong></span> <span class='ocrx_word' id='word_1_148' title='bbox 611 2691 696 2759; x_wconf 91' lang='lat' dir='ltr'><strong>quos</strong></span> <span class='ocrx_word' id='word_1_149' title='bbox 719 2668 884 2760; x_wconf 63' lang='lat' dir='ltr'><strong>proruas</strong></span> <span class='ocrx_word' id='word_1_150' title='bbox 922 2677 1001 2732; x_wconf 90' lang='lat' dir='ltr'><strong>sunt</strong></span> <span class='ocrx_word' id='word_1_151' title='bbox 1043 2665 1147 2732; x_wconf 88' lang='lat' dir='ltr'><strong>secuti</strong></span> 
     </span>
     <span class='ocr_line' id='line_1_21' title="bbox 13 2779 1149 2878; baseline -0.002 -28"><span class='ocrx_word' id='word_1_152' title='bbox 13 2789 14 2850; x_wconf 68' lang='grc' dir='ltr'>ἐ</span> <span class='ocrx_word' id='word_1_153' title='bbox 104 2784 289 2868; x_wconf 76' lang='lat' dir='ltr'><strong>«abbates,</strong></span> <span class='ocrx_word' id='word_1_154' title='bbox 311 2799 345 2852; x_wconf 92' lang='lat' dir='ltr'><strong>et</strong></span> <span class='ocrx_word' id='word_1_155' title='bbox 366 2785 478 2878; x_wconf 88' lang='lat' dir='ltr'><strong>quiin</strong></span> <span class='ocrx_word' id='word_1_156' title='bbox 504 2781 645 2852; x_wconf 88' lang='lat' dir='ltr'><strong>ecclesia</strong></span> <span class='ocrx_word' id='word_1_157' title='bbox 673 2780 844 2850; x_wconf 84' lang='lat' dir='ltr'><strong>rhemensi</strong></span> <span class='ocrx_word' id='word_1_158' title='bbox 869 2779 1050 2874; x_wconf 79' lang='lat' dir='ltr'><strong>dignitates</strong></span> <span class='ocrx_word' id='word_1_159' title='bbox 1069 2793 1149 2849; x_wconf 89' lang='lat' dir='ltr'><strong>sunt</strong></span> 
     </span>
     <span class='ocr_line' id='line_1_22' title="bbox 13 2893 1147 2994; baseline -0.004 -24"><span class='ocrx_word' id='word_1_160' title='bbox 13 2937 14 2970; x_wconf 68' lang='lat'><em>3</em></span> <span class='ocrx_word' id='word_1_161' title='bbox 104 2900 298 2987; x_wconf 82' lang='lat' dir='ltr'><strong>«assecuti,</strong></span> <span class='ocrx_word' id='word_1_162' title='bbox 327 2913 362 2968; x_wconf 88' lang='lat' dir='ltr'><strong>et</strong></span> <span class='ocrx_word' id='word_1_163' title='bbox 388 2925 504 2969; x_wconf 84' lang='lat' dir='ltr'><strong>omnes</strong></span> <span class='ocrx_word' id='word_1_164' title='bbox 540 2912 777 2994; x_wconf 84' lang='lat' dir='ltr'><strong>procuratores</strong></span> <span class='ocrx_word' id='word_1_165' title='bbox 809 2893 1032 2989; x_wconf 86' lang='lat' dir='ltr'><strong>pastoralibus</strong></span> <span class='ocrx_word' id='word_1_166' title='bbox 1069 2896 1147 2966; x_wconf 80' lang='lat' dir='ltr'><strong>item</strong></span> 
     </span>
     <span class='ocr_line' id='line_1_23' title="bbox 105 3013 1148 3105; baseline -0.001 -23"><span class='ocrx_word' id='word_1_167' title='bbox 105 3015 359 3086; x_wconf 74' lang='lat' dir='ltr'><strong>«chlamidibus</strong></span> <span class='ocrx_word' id='word_1_168' title='bbox 375 3015 497 3105; x_wconf 85' lang='lat' dir='ltr'><strong>induti,</strong></span> <span class='ocrx_word' id='word_1_169' title='bbox 510 3017 613 3086; x_wconf 88' lang='lat' dir='ltr'><strong>secuti</strong></span> <span class='ocrx_word' id='word_1_170' title='bbox 633 3015 732 3084; x_wconf 88' lang='lat' dir='ltr'><strong>etiam</strong></span> <span class='ocrx_word' id='word_1_171' title='bbox 751 3027 849 3084; x_wconf 84' lang='lat' dir='ltr'><strong>eraut</strong></span> <span class='ocrx_word' id='word_1_172' title='bbox 865 3035 982 3084; x_wconf 86' lang='lat' dir='ltr'><strong>omues</strong></span> <span class='ocrx_word' id='word_1_173' title='bbox 993 3013 1148 3083; x_wconf 84' lang='lat' dir='ltr'><strong>canonici</strong></span> 
     </span>
     <span class='ocr_line' id='line_1_24' title="bbox 106 3121 1148 3227; baseline -0.002 -27"><span class='ocrx_word' id='word_1_174' title='bbox 106 3145 167 3200; x_wconf 91' lang='lat' dir='ltr'><strong>«et</strong></span> <span class='ocrx_word' id='word_1_175' title='bbox 184 3131 343 3202; x_wconf 85' lang='lat' dir='ltr'><strong>sacellani</strong></span> <span class='ocrx_word' id='word_1_176' title='bbox 361 3147 394 3202; x_wconf 90' lang='lat' dir='ltr'><strong>et</strong></span> <span class='ocrx_word' id='word_1_177' title='bbox 410 3135 616 3227; x_wconf 87' lang='lat' dir='ltr'><strong>quicumque</strong></span> <span class='ocrx_word' id='word_1_178' title='bbox 634 3131 750 3200; x_wconf 88' lang='lat' dir='ltr'><strong>divino</strong></span> <span class='ocrx_word' id='word_1_179' title='bbox 764 3129 870 3200; x_wconf 88' lang='lat' dir='ltr'><strong>cultui</strong></span> <span class='ocrx_word' id='word_1_180' title='bbox 892 3130 927 3198; x_wconf 81' lang='lat' dir='ltr'><strong>iu</strong></span> <span class='ocrx_word' id='word_1_181' title='bbox 948 3154 987 3200; x_wconf 90' lang='lat' dir='ltr'><strong>ca</strong></span> <span class='ocrx_word' id='word_1_182' title='bbox 1010 3121 1148 3199; x_wconf 73' lang='lat' dir='ltr'><strong>ecclesia</strong></span> 
     </span>
     <span class='ocr_line' id='line_1_25' title="bbox 108 3250 415 3320; baseline -0.013 0"><span class='ocrx_word' id='word_1_183' title='bbox 108 3267 219 3320; x_wconf 87' lang='lat' dir='ltr'><strong>«sunt</strong></span> <span class='ocrx_word' id='word_1_184' title='bbox 241 3250 379 3320; x_wconf 89' lang='lat' dir='ltr'><strong>addicti.</strong></span> <span class='ocrx_word' id='word_1_185' title='bbox 399 3281 415 3316; x_wconf 66' lang='lat'><strong>&gt;2</strong></span> 
     </span>
    </p>

    <p class='ocr_par' dir='ltr' id='par_1_7' title="bbox 11 3361 1150 4278">
     <span class='ocr_line' id='line_1_26' title="bbox 148 3361 1150 3458; baseline -0.006 -20"><span class='ocrx_word' id='word_1_186' title='bbox 148 3366 230 3438; x_wconf 90' lang='lat' dir='ltr'><strong>Plus</strong></span> <span class='ocrx_word' id='word_1_187' title='bbox 249 3368 333 3456; x_wconf 88' lang='lat' dir='ltr'><strong>loiu,</strong></span> <span class='ocrx_word' id='word_1_188' title='bbox 354 3393 397 3438; x_wconf 92' lang='lat' dir='ltr'><strong>on</strong></span> <span class='ocrx_word' id='word_1_189' title='bbox 418 3368 527 3438; x_wconf 78' lang='lat' dir='ltr'><strong>de‘crit</strong></span> <span class='ocrx_word' id='word_1_190' title='bbox 545 3367 629 3438; x_wconf 86' lang='lat' dir='ltr'><strong>ainsi</strong></span> <span class='ocrx_word' id='word_1_191' title='bbox 651 3365 772 3436; x_wconf 86' lang='lat' dir='ltr'><strong>l’ordre</strong></span> <span class='ocrx_word' id='word_1_192' title='bbox 790 3365 832 3434; x_wconf 89' lang='lat' dir='ltr'><strong>de</strong></span> <span class='ocrx_word' id='word_1_193' title='bbox 846 3366 983 3450; x_wconf 88' lang='lat' dir='ltr'><strong>session,</strong></span> <span class='ocrx_word' id='word_1_194' title='bbox 1003 3361 1150 3458; x_wconf 78' lang='lat' dir='ltr'><strong>lorsque,</strong></span> 
     </span>
     <span class='ocr_line' id='line_1_27' title="bbox 107 3479 1150 3578; baseline -0.002 -28"><span class='ocrx_word' id='word_1_195' title='bbox 107 3487 195 3578; x_wconf 72' lang='lat' dir='ltr'><strong>apres</strong></span> <span class='ocrx_word' id='word_1_196' title='bbox 218 3485 250 3556; x_wconf 90' lang='lat' dir='ltr'><strong>la</strong></span> <span class='ocrx_word' id='word_1_197' title='bbox 274 3509 379 3554; x_wconf 71' lang='lat' dir='ltr'><strong>ncesse</strong></span> <span class='ocrx_word' id='word_1_198' title='bbox 396 3482 581 3554; x_wconf 83' lang='lat' dir='ltr'><strong>solennelle</strong></span> <span class='ocrx_word' id='word_1_199' title='bbox 597 3479 746 3552; x_wconf 67' lang='lat' dir='ltr'><strong>celebrae</strong></span> <span class='ocrx_word' id='word_1_200' title='bbox 760 3507 822 3576; x_wconf 89' lang='lat' dir='ltr'><strong>par</strong></span> <span class='ocrx_word' id='word_1_201' title='bbox 839 3479 988 3574; x_wconf 73' lang='lat' dir='ltr'><strong>l’dvieque</strong></span> <span class='ocrx_word' id='word_1_202' title='bbox 1001 3479 1042 3548; x_wconf 89' lang='lat' dir='ltr'><strong>de</strong></span> <span class='ocrx_word' id='word_1_203' title='bbox 1058 3480 1150 3550; x_wconf 84' lang='lat' dir='ltr'><strong>Scis·</strong></span> 
     </span>
     <span class='ocr_line' id='line_1_28' title="bbox 12 3594 1147 3696; baseline -0.001 -29"><span class='ocrx_word' id='word_1_204' title='bbox 12 3689 13 3696; x_wconf 10' lang='lat' dir='ltr'><strong>p</strong></span> <span class='ocrx_word' id='word_1_205' title='bbox 107 3625 197 3689; x_wconf 86' lang='lat' dir='ltr'><strong>sous,</strong></span> <span class='ocrx_word' id='word_1_206' title='bbox 234 3629 279 3672; x_wconf 92' lang='lat' dir='ltr'><strong>on</strong></span> <span class='ocrx_word' id='word_1_207' title='bbox 312 3626 508 3694; x_wconf 71' lang='lat' dir='ltr'><strong>eommeupa</strong></span> <span class='ocrx_word' id='word_1_208' title='bbox 540 3599 588 3670; x_wconf 90' lang='lat' dir='ltr'><strong>les</strong></span> <span class='ocrx_word' id='word_1_209' title='bbox 609 3597 846 3668; x_wconf 73' lang='lat' dir='ltr'><strong>deliberatione</strong></span> <span class='ocrx_word' id='word_1_210' title='bbox 870 3622 876 3665; x_wconf 95' lang='lat'><strong>:</strong></span> <span class='ocrx_word' id='word_1_211' title='bbox 901 3598 965 3664; x_wconf 83' lang='grc' dir='ltr'><strong>«Α</strong></span> <span class='ocrx_word' id='word_1_212' title='bbox 990 3594 1147 3666; x_wconf 84' lang='lat' dir='ltr'><strong>vestiario</strong></span> 
     </span>
     <span class='ocr_line' id='line_1_29' title="bbox 11 3701 1145 3814; baseline -0.005 -28"><span class='ocrx_word' id='word_1_213' title='bbox 11 3701 13 3814; x_wconf 33' lang='grc' dir='ltr'>ἶ</span> <span class='ocrx_word' id='word_1_214' title='bbox 108 3743 290 3790; x_wconf 84' lang='lat' dir='ltr'><strong>«reversus</strong></span> <span class='ocrx_word' id='word_1_215' title='bbox 318 3724 359 3790; x_wconf 82' lang='lat' dir='ltr'><strong>tt.</strong></span> <span class='ocrx_word' id='word_1_216' title='bbox 390 3717 639 3788; x_wconf 82' lang='lat' dir='ltr'><strong>Suessionensis</strong></span> <span class='ocrx_word' id='word_1_217' title='bbox 672 3715 864 3810; x_wconf 83' lang='lat' dir='ltr'><strong>episcopus,</strong></span> <span class='ocrx_word' id='word_1_218' title='bbox 894 3709 1145 3807; x_wconf 77' lang='lat' dir='ltr'><strong>pontificalibus</strong></span> 
     </span>
     <span class='ocr_line' id='line_1_30' title="bbox 109 3826 1149 3925; baseline -0.006 -23"><span class='ocrx_word' id='word_1_219' title='bbox 109 3860 123 3896; x_wconf 94' lang='lat'><strong>«</strong></span> <span class='ocrx_word' id='word_1_220' title='bbox 140 3838 342 3906; x_wconf 85' lang='lat' dir='ltr'><strong>vestimentis</strong></span> <span class='ocrx_word' id='word_1_221' title='bbox 355 3833 491 3904; x_wconf 89' lang='lat' dir='ltr'><strong>indutus</strong></span> <span class='ocrx_word' id='word_1_222' title='bbox 503 3859 578 3904; x_wconf 88' lang='lat' dir='ltr'><strong>cum</strong></span> <span class='ocrx_word' id='word_1_223' title='bbox 593 3833 692 3902; x_wconf 88' lang='lat' dir='ltr'><strong>mitra</strong></span> <span class='ocrx_word' id='word_1_224' title='bbox 703 3845 737 3900; x_wconf 86' lang='lat' dir='ltr'><strong>et</strong></span> <span class='ocrx_word' id='word_1_225' title='bbox 752 3829 837 3925; x_wconf 89' lang='lat' dir='ltr'><strong>pedo</strong></span> <span class='ocrx_word' id='word_1_226' title='bbox 849 3826 1018 3923; x_wconf 83' lang='lat' dir='ltr'><strong>pastorali,</strong></span> <span class='ocrx_word' id='word_1_227' title='bbox 1031 3851 1149 3898; x_wconf 88' lang='lat' dir='ltr'><strong>conse·</strong></span> 
     </span>
     <span class='ocr_line' id='line_1_31' title="bbox 11 3945 1148 4048; baseline -0.006 -29"><span class='ocrx_word' id='word_1_228' title='bbox 11 4037 16 4048; x_wconf 29' lang='lat'><strong>¹</strong></span> <span class='ocrx_word' id='word_1_229' title='bbox 110 3977 124 4012; x_wconf 93' lang='lat'><strong>«</strong></span> <span class='ocrx_word' id='word_1_230' title='bbox 140 3949 187 4020; x_wconf 91' lang='lat' dir='ltr'><strong>dit</strong></span> <span class='ocrx_word' id='word_1_231' title='bbox 204 3955 239 4022; x_wconf 88' lang='lat' dir='ltr'><strong>in</strong></span> <span class='ocrx_word' id='word_1_232' title='bbox 259 3951 393 4022; x_wconf 82' lang='lat' dir='ltr'><strong>sedibus</strong></span> <span class='ocrx_word' id='word_1_233' title='bbox 407 3976 482 4045; x_wconf 87' lang='lat' dir='ltr'><strong>quae</strong></span> <span class='ocrx_word' id='word_1_234' title='bbox 497 3975 603 4046; x_wconf 85' lang='lat' dir='ltr'><strong>prope</strong></span> <span class='ocrx_word' id='word_1_235' title='bbox 619 3967 779 4043; x_wconf 82' lang='lat' dir='ltr'><strong>maguum</strong></span> <span class='ocrx_word' id='word_1_236' title='bbox 794 3945 899 4024; x_wconf 86' lang='lat' dir='ltr'><strong>altare</strong></span> <span class='ocrx_word' id='word_1_237' title='bbox 917 3959 1013 4014; x_wconf 88' lang='lat' dir='ltr'><strong>crant</strong></span> <span class='ocrx_word' id='word_1_238' title='bbox 1025 3955 1148 4038; x_wconf 82' lang='lat' dir='ltr'><strong>paratus</strong></span> 
     </span>
     <span class='ocr_line' id='line_1_32' title="bbox 110 4062 1150 4158; baseline 0.002 -32"><span class='ocrx_word' id='word_1_239' title='bbox 110 4089 154 4131; x_wconf 86' lang='lat' dir='ltr'><strong>«a</strong></span> <span class='ocrx_word' id='word_1_240' title='bbox 173 4068 296 4138; x_wconf 84' lang='lat' dir='ltr'><strong>dextris</strong></span> <span class='ocrx_word' id='word_1_241' title='bbox 318 4067 534 4144; x_wconf 85' lang='lat' dir='ltr'><strong>illustrissimi</strong></span> <span class='ocrx_word' id='word_1_242' title='bbox 559 4065 741 4142; x_wconf 86' lang='lat' dir='ltr'><strong>cardinalis</strong></span> <span class='ocrx_word' id='word_1_243' title='bbox 759 4062 1020 4157; x_wconf 86' lang='lat' dir='ltr'><strong>metropolitani.</strong></span> <span class='ocrx_word' id='word_1_244' title='bbox 1038 4065 1150 4158; x_wconf 75' lang='lat' dir='ltr'><strong>Supra</strong></span> 
     </span>
     <span class='ocr_line' id='line_1_33' title="bbox 110 4178 1150 4278; baseline -0.005 -28"><span class='ocrx_word' id='word_1_245' title='bbox 110 4207 125 4242; x_wconf 92' lang='lat'><strong>«</strong></span> <span class='ocrx_word' id='word_1_246' title='bbox 140 4205 212 4256; x_wconf 90' lang='lat' dir='ltr'><strong>eum</strong></span> <span class='ocrx_word' id='word_1_247' title='bbox 239 4185 377 4258; x_wconf 86' lang='lat' dir='ltr'><strong>sedebat</strong></span> <span class='ocrx_word' id='word_1_248' title='bbox 402 4188 443 4254; x_wconf 82' lang='lat' dir='ltr'><strong>ll.</strong></span> <span class='ocrx_word' id='word_1_249' title='bbox 462 4184 637 4278; x_wconf 76' lang='lat' dir='ltr'><strong>episcopus</strong></span> <span class='ocrx_word' id='word_1_250' title='bbox 657 4181 900 4268; x_wconf 86' lang='lat' dir='ltr'><strong>Virduneusis,</strong></span> <span class='ocrx_word' id='word_1_251' title='bbox 922 4178 1009 4250; x_wconf 80' lang='lat' dir='ltr'><strong>iufra</strong></span> <span class='ocrx_word' id='word_1_252' title='bbox 1037 4192 1150 4258; x_wconf 82' lang='lat' dir='ltr'><strong>autem</strong></span> 
     </span>
    </p>
   </div>
   <div class='ocr_carea' id='block_1_5' title="bbox 0 0 1415 5024">
    <p class='ocr_par' dir='ltr' id='par_1_8' title="bbox 0 0 1415 5024">
     <span class='ocr_line' id='line_1_34' title="bbox 0 0 1415 5024; baseline 0 0"><span class='ocrx_word' id='word_1_253' title='bbox 0 0 1415 5024; x_wconf 95' lang='lat' dir='ltr'><strong> </strong></span> 
     </span>
    </p>
   </div>
  </div>
 </body>
</html>
