2910 5038
350 929 691 1074 'CHAPITRE
728 931 908 1026 XXIV.

108 1165 284 1248 Obligation,
297 1186 375 1245 pour
394 1166 504 1242 chaque
517 1165 628 1243 doe‘que,
641 1167 678 1223 de
689 1163 806 1244 prtblier
820 1171 860 1224 les
882 1169 993 1228 decretas
1006 1171 1046 1228 du
1059 1175 1162 1230 concile

334 1267 496 1344 provr‘ncr'al
507 1265 581 1324 dans
594 1283 643 1322 son
657 1265 766 1340 synode
778 1267 931 1325 diocesem.

558 1490 718 1535 w

158 1769 416 1842 «Decernimus
443 1785 482 1840 ut
504 1768 586 1840 dum
609 1768 645 1838 in
666 1768 822 1866 qualibet
844 1769 1019 1867 provincia
1044 1772 1162 1844 conci·
1190 1779 1193 1784 '

107 1887 226 1960 «lium
250 1888 378 1984 agitur,
398 1887 632 1982 unusquisque
656 1886 892 1982 episcoporum
921 1886 1163 1982 admonitioni-

107 2035 125 2070 (ι
140 2003 282 2074 bussnis
299 2002 389 2072 intra
403 2026 461 2072 sex
475 2002 642 2072 mensium
655 2003 764 2098 spatia
780 2027 897 2072 omnes
910 2004 1060 2095 abbates,
1078 2031 1165 2100 pres·

108 2151 128 2188 a
144 2120 291 2215 byteros,
314 2116 478 2188 diaconos
498 2133 600 2212 atque
624 2116 788 2210 clericos,
813 2143 871 2188 seu
896 2119 998 2188 etiam
1030 2145 1166 2192 omnem

110 2249 351 2304 «conventum
375 2233 522 2304 civitatis
553 2231 660 2329 ipsius
687 2232 746 2301 ubi
774 2258 912 2328 praeesse
940 2233 1164 2330 dignoscitur,

112 2380 129 2415 «
142 2374 277 2421 necnon
301 2363 335 2417 et
362 2362 520 2418 cunctam
551 2347 701 2418 dioecesis
733 2373 801 2418 suae
825 2348 957 2444 plebem
983 2374 1166 2446 aggregare

113 2496 129 2532 κ
144 2487 360 2562 nequaquam
389 2477 557 2536 moretur:
579 2477 748 2557 quatenus
770 2488 884 2533 coram
903 2465 950 2532 cis
975 2463 1166 2560 plenissime

113 2612 130 2650 «
146 2582 260 2650 omnia
282 2580 406 2651 referet
424 2605 498 2676 quae
520 2578 639 2649 eodem
662 2604 753 2649 anno
782 2580 817 2649 iu
843 2578 985 2649 concilio
1012 2596 1086 2651 acta
1109 2583 1165 2654 vel

113 2696 288 2768 «delinita
304 2720 374 2766 esse
400 2711 599 2766 noscuntur.
628 2693 732 2785 Quod
755 2696 784 2764 si
811 2695 978 2792 quispiam
997 2698 1069 2768 haec
1088 2723 1166 2793 par-

115 2812 357 2908 ‹rvipeudenda
386 2810 588 2896 crediderit,
615 2811 782 2882 sententia
807 2815 1167 2886 excommunicationis

115 2928 294 3000 «duorum
323 2928 491 2998 mensium
523 2926 693 2999 curriculo
732 2928 888 3022 persistat
926 2955 1169 3026 usquequaque

116 3075 132 3110 a
146 3043 338 3114 mulctatus.
356 3073 373 3110 r>
393 3044 553 3142 (Dernier
571 3068 680 3112 canon
701 3043 742 3114 de
759 3043 789 3113 la
811 3043 874 3114 18(ἓ
895 3044 1119 3143 distinction.)

134 3151 137 3158 ’
164 3157 403 3229 «Publicaturi
424 3184 461 3228 ea
482 3158 549 3256 (les
569 3158 701 3228 ddcrets
722 3159 767 3229 du
801 3161 933 3231 concile
961 3161 1169 3258 provincial)

116 3281 183 3349 «in
202 3273 449 3376 episcopalibus
478 3273 612 3371 synodis
633 3275 812 3346 annuatim
835 3276 1062 3371 persingulas
1084 3276 1170 3346 dioe-

116 3427 133 3463 «
149 3421 239 3465 ceses
254 3391 473 3464 celebrandis.
494 3391 658 3486 Quisquis
679 3405 797 3460 autem
816 3391 882 3461 hoc
901 3391 1046 3460 salutare
1063 3409 1169 3464 statu·

118 3529 221 3582 «tum
241 3509 425 3608 neglexerit
444 3505 649 3602 adimplere,
667 3531 687 3574 a
703 3507 756 3576 sui
770 3507 968 3576 executione
980 3507 1083 3577 officii
1097 3532 1170 3576 sus·

124 3661 141 3698 a
159 3627 337 3726 pendatur.
356 3657 373 3694 >r
394 3625 493 3723 (Cap.
510 3627 608 3695 Sicut
623 3621 722 3712 olim,
744 3621 785 3691 de
806 3621 943 3712 Aecus.)
1129 3717 1135 3730 ·

167 3751 214 3818 Le
234 3743 365 3816 concile
385 3743 427 3812 de
444 3745 591 3828 Tecum,
613 3765 656 3809 en
670 3738 807 3836 parlant
820 3737 878 3807 des
896 3737 1040 3833 synodos
1057 3737 1172 3810 dioct-

100 3863 220 3955 -sairis‚
241 3888 284 3931 ne
304 3861 355 3930 dit
373 3859 446 3928 rien
465 3857 507 3928 de
527 3855 738 3954 l'obligation
754 3854 797 3924 de
812 3853 859 3924 les
874 3879 1071 3948 convoquer
1090 3855 1172 3926 dans

120 3981 165 4050 les
188 3981 238 4050 six
266 3977 352 4048 mois
370 3978 429 4070 qui
451 3976 586 4045 suivant
608 3972 637 4042 lu
655 3971 861 4042 cdle'btation
879 3971 923 4040 du
944 3971 1072 4040 concile
1095 3999 1175 4069 pro·

122 4094 267 4166 vincial:

169 4241 186 4278 «
199 4209 324 4307 synodi
352 4233 491 4306 quoque
505 4208 702 4278 dioecesanae
722 4206 904 4300 quotannis
922 4203 1172 4274 celebrentur...
