2804 5022
304 451 373 523 ²70
651 428 846 503 contortus
872 400 1008 505 einais.

299 577 390 652 saint
407 575 604 671 'patriarcba
630 577 753 668 Iguaoo
777 599 854 656 tuus
877 599 919 647 en
938 573 1034 654 avoir
1050 571 1158 652 ,tultae
1177 593 1218 643 au
1237 567 1321 648 saint·

295 694 437 789 stage..
494 725 496 734 ⁴
531 780 538 784 -
707 749 710 755 .
1126 727 1131 735 ’
1378 771 1381 784 ⁴

298 867 302 872 -
350 817 410 888 «Δ
443 810 567 886 sanctis.
592 808 744 904 putribus
770 822 804 879 et
828 805 1050 888 deliberatum
1077 820 1110 875 et
1138 806 1324 884 obeuntum

302 958 318 992 a
332 917 443 996 existit
457 924 600 1020 qualiter
617 925 743 1018 absque
752 927 915 1002 Romauae
930 923 1019 1002 tedis
1032 923 1238 1015 Romanique
1254 942 1324 1012 pon·

303 1073 319 1108 «
335 1043 435 1120 tiliois
452 1065 638 1129 conuentu,
652 1039 780 1115 nultius
794 1038 1000 1135 insurgentis
1015 1035 1263 1116 deliberationis
1277 1047 1326 1100 ter·

301 1190 318 1229 α
335 1161 447 1238 minus
471 1158 620 1232 daretur.
642 1187 659 1232 s
684 1157 790 1251 (Chr.
803 1156 915 1245 Wolf,
945 1155 1059 1234 dictat.
1086 1157 1123 1224 S.
1144 1155 1242 1248 Greg.
1259 1149 1324 1230 vu,

301 1273 453 1351 scholion
468 1271 509 1351 ad
522 1297 599 1346 nan.
620 1271 698 1368 αι.)
716 1273 828 1364 (Cette
845 1270 942 1343 lettre
960 1285 1010 1343 est
1023 1267 1147 1344 relatec
1164 1267 1248 1348 aursi
1261 1263 1326 1335 doris

298 1391 346 1462 les
362 1407 452 1460 actes
465 1390 516 1460 du·
531 1380 567 1462 8ε
581 1387 710 1463 concile
728 1390 975 1484 oenume‘uiqus,
993 1402 1058 1461 act.
1075 1387 1142 1482 ΖΓ.)

349 1507 432 1579 L’an
454 1506 545 1592 860,
566 1504 612 1577 les
635 1503 779 1598 dvequcs
804 1503 849 1572 du
875 1487 1005 1593 concile
1023 1494 1328 1593 ‹t’tix-ta-Chapette

299 1625 449 1697 derivant
470 1649 512 1692 au
534 1647 618 1717 pape
639 1619 773 1693 Nicolas
792 1618 868 1693 1²¹⁸:

355 1769 372 1804 α
393 1737 597 1832 Apostolicis
627 1737 840 1813 documentis
865 1751 899 1818 et
926 1735 1177 1832 pontificalibus
1207 1729 1329 1807 decretis

299 1885 314 1919 n
331 1852 563 1948 multipliciter
578 1853 801 1922 informamur
821 1867 858 1920 ut
876 1854 976 1922 vestri
996 1853 1199 1923 sanctissimi
1216 1862 1331 1944 aposto-

299 1968 421 2040 nlatus
444 1969 595 2062 apicem,
620 1969 786 2065 principis
811 1968 1042 2064 apostolorum
1063 1969 1131 2039 fide
1155 1984 1189 2040 ct
1213 1965 1332 2036 nomine

298 2115 314 2150 a
330 2099 580 2174 consecratum,
604 2087 735 2178 quoties
763 2101 886 2194 sancta
897 2084 1046 2159 Ecclesia
1063 2084 1179 2180 aliqua
1203 2082 1331 2160 novitate
1380 2109 1381 2120 ¹

297 2200 506 2298 «pulsatur,
540 2200 715 2274 humiliter
745 2201 916 2276 adeamus.
943 2234 958 2268 n
988 2202 1196 2297 (Sirmoud,
1226 2216 1246 2273 t.
1272 2201 1330 2288 lll,

297 2344 331 2413 p.
361 2313 458 2411 158.)

345 2438 394 2504 Le
413 2435 521 2504 meme
545 2459 630 2529 pape
658 2433 795 2506 Nicolas
814 2431 872 2524 1⁰¹,
896 2433 979 2509 dans
998 2461 1034 2514 sa
1056 2433 1156 2507 lettre
1184 2461 1248 2506 aux
1270 2429 1332 2500 tvt-

297 2575 380 2645 ques
399 2549 439 2622 de
461 2549 493 2620 la
509 2553 670 2645 province
685 2549 726 2620 de
746 2555 848 2638 Sens,
867 2547 932 2621 l’an
956 2550 1027 2628 860
1049 2579 1056 2622 :

343 2697 360 2746 n
378 2671 475 2739 More
498 2656 697 2736 universalis
722 2665 878 2739 Ecclesioe
905 2668 1117 2748 auctoritatis
1148 2680 1269 2745 nostre
1290 2658 1334 2733 ef-

295 2813 312 2848 «
329 2782 481 2880 flagitare
493 2783 757 2865 instructionem
775 2783 954 2855 curastis...
973 2784 1053 2874 Quo
1071 2784 1168 2859 vobis
1187 2779 1334 2860 eundum,

296 2927 439 2996 «quove
461 2902 496 2970 in
519 2901 619 2973 rebus
642 2899 754 2970 dubiis
776 2914 878 2994 atque
903 2899 937 2971 in
965 2901 1096 2994 maguis
1116 2890 1334 2973 ecclesiasticis

294 3019 474 3112 nrregotiis
500 3032 582 3086 esset
618 3014 919 3095 accelerandum...
955 3003 1193 3109 praevidistis,
1214 3008 1335 3085 humili-

293 3135 452 3228 «busque
470 3133 660 3204 devotionis
680 3147 797 3220 vestrae
813 3133 969 3227 passibus,
987 3133 1197 3212 cucurristis.
1224 3133 1336 3204 Contra

293 3247 400 3316 «illos
428 3250 593 3318 nimirum.
617 3250 676 3342 qui
706 3249 890 3319 beatissimi
920 3246 1155 3342 apostolorum
1187 3240 1335 3343 principis

293 3392 310 3429 α
327 3364 419 3433 Petri
431 3365 570 3459 ejusque
583 3390 817 3450 successorum
834 3363 1147 3442 luculentissimam.
1159 3363 1335 3434 doctrinam

289 3477 503 3571 nscdemque
521 3493 715 3573 spernentes
729 3479 910 3572 quemnei
929 3476 1034 3549 Filius
1051 3481 1086 3548 in
1098 3493 1218 3550 sancta
1230 3471 1336 3550 Eccle-

293 3621 310 3656 ι(
327 3593 374 3690 siu
395 3619 453 3664 sna
474 3606 633 3689 tanquam
656 3593 822 3664 luminare
847 3594 955 3687 majus
975 3595 1010 3684 in
1035 3593 1122 3665 coelo
1144 3589 1334 3670 constituit,

293 3737 310 3772 α
329 3709 430 3779 veluti
445 3711 581 3806 quidam
593 3712 786 3805 scorpiones
803 3708 954 3804 palantes
971 3710 1180 3782 inceduntin
1195 3705 1335 3788 meridie,

293 3851 309 3888 a
324 3839 359 3892 et
376 3851 453 3894 cum
467 3827 577 3896 adhuc
589 3826 659 3894 dies
670 3841 719 3894 est
730 3824 855 3894 occidit
868 3826 915 3894 eis
930 3823 992 3894 sol.
1003 3825 1208 3922 ›.(Sirmoud
1221 3877 1230 3912 ,
1243 3839 1266 3892 t.
1282 3821 1335 3904 lll,

293 3965 326 4035 r·
350 3943 445 4036 dn)
1023 4007 1029 4026 .

341 4060 506 4129 Lesactes
521 4057 567 4127 du
587 4055 716 4142 concile
730 4055 772 4127 de
793 4057 962 4146 Scissum,
983 4058 1024 4136 de
1033 4055 1104 4150 ,l'an
1122 4058 1210 4148 866,
1231 4055 1336 4128 iurent

291 4169 433 4266 envoyes
451 4197 494 4240 au
516 4199 601 4268 pape
620 4169 754 4244 Nicolas
777 4169 837 4260 1⁸¹,
858 4186 891 4240 et
909 4171 993 4242 dans
1015 4172 1045 4242 la
1071 4172 1169 4244 lettre
1189 4150 1335 4253 d'envoi,
