2806 5026
275 483 345 558 358
395 500 397 504 ’
620 486 815 551 saorsmraa
840 503 978 551 naaria.

274 634 388 706 mautr'e
412 634 453 704 de
470 631 691 729 juridiction,
719 632 802 703 dans
826 630 899 702 leur
924 629 1068 702 sublime
1097 631 1235 728 pouroir
1258 629 1308 701 des

273 752 368 941 dedic
385 869 475 940 droit
491 865 667 966 pontifical
688 881 738 936 est
757 863 1005 937 formellement
1024 865 1171 962 exprim&
1190 866 1268 936 dans
1283 864 1309 936 le

158 1044 165 1069 ,
272 986 463 1080 cinquicme
482 1011 591 1055 canon
600 985 650 1072 du
668 983 856 1078 quatridqae
869 981 999 1070 concile
1016 981 1059 1068 de
1073 987 1215 1053 Latran:

324 1131 342 1167 a
362 1103 538 1173 sancimus
554 1116 592 1170 ut
611 1114 685 1196 post
698 1101 888 1169 Romanam
905 1095 1086 1169 Ecclesiam
1105 1124 1192 1194 quae,
1212 1097 1312 1194 dispo·

273 1234 376 1288 neate
389 1218 548 1301 Domino,
562 1241 665 1323 super
680 1241 796 1285 omnes
807 1213 887 1285 alias
898 1213 1078 1284 ordinariae
1085 1216 1256 1309 potestatis
1265 1215 1314 1282 ola

273 1337 357 1406 tinet
381 1333 630 1428 principatum,
657 1346 776 1428 utpote
802 1344 910 1401 mater
933 1330 1173 1401 universorum
1201 1331 1312 1402 Christi

272 1440 421 1519 fideliuin
459 1463 492 1516 et
525 1448 712 1542 magistra,
747 1443 1124 1540 Constantinopolitano
1154 1447 1312 1541 primum,

208 1563 213 1572 '
270 1562 498 1663 Alexandrina
521 1562 728 1648 secundum,
749 1561 958 1630 Antiochena
982 1551 1138 1647 tertium,
1162 1563 1314 1630 Hieroso-

250 1679 434 1776 'lymitana
457 1692 618 1772 quartum
641 1676 753 1747 locum
778 1676 953 1745 obtineant
957 1729 1013 1746 .....
1033 1679 1074 1745 In
1093 1679 1251 1746 omnibus
1267 1702 1316 1746 au·

275 1811 343 1863 tem
366 1792 550 1888 provinciis
570 1816 688 1861 eorum
716 1791 946 1885 jurisdictioni
973 1791 1164 1886 subjectis,
1194 1793 1236 1862 ad
1259 1817 1316 1877 ens,

270 1934 349 1980 cam
366 1931 500 1976 necessa
520 1907 638 1994 fuerit,
668 1913 871 2003 provocetur
894 1933 902 1975 :
927 1906 1026 1990 salvis
1046 1907 1316 2002 appellationibus

272 2025 443 2102 adsedem
462 2024 681 2120 apostolicam
702 2023 931 2118 interpositis,
950 2026 1074 2119 quibus
1087 2043 1140 2098 est
1160 2026 1203 2098 ab
1222 2026 1317 2096 omni·

271 2145 334 2212 bus
354 2140 531 2223 humiliter
548 2141 809 2212 deferendum.»
1393 2129 1394 2142 ¹

318 2256 347 2328 ΙΙ
381 2257 469 2328 n²cst
495 2257 560 2352 ¹pas
585 2257 717 2352 jusqu'a
734 2259 810 2327 Vari
828 2259 939 2352 Espep
966 2271 1000 2326 et
1027 2255 1251 2330 d'Hericnurt'
1267 2256 1315 2349 qui

270 2372 394 2444 n³aient
415 2370 467 2443 ἑτέ
485 2372 592 2458 forces
611 2372 773 2444 d'avoucr
788 2397 866 2468 que,
880 2370 1002 2466 depuis
1014 2371 1186 2467 plusieurs
1200 2370 1314 2458 stactes,
1336 2435 1338 2442 ,

244 2499 246 2504 ’
269 2515 307 2559 ce
326 2488 416 2559 droit
434 2487 607 2584 pontifical
628 2487 686 2558 des
702 2486 819 2584 appcls
835 2487 1007 2558 est'admis
1024 2513 1066 2560 au
1081 2493 1214 2560 Franco
1231 2503 1262 2558 at
1281 2511 1315 2556 eu

270 2605 444 2700 Belgique.
909 2611 912 2618 '

321 2751 338 2786 a
362 2719 512 2793 Tandem
532 2718 693 2788 admissas
714 2718 814 2788 fuisse
831 2716 1090 2814 (appellationes
1109 2721 1154 2792 ad
1172 2719 1314 2817 papam),

269 2841 394 2931 easque
407 2849 441 2904 et
456 2833 559 2904 hodie
577 2833 725 2921 admitti,
745 2859 826 2906 cum
844 2833 996 2906 notabili
1009 2834 1242 2921 nihilominus
1257 2859 1316 2906 mo·

268 2949 471 3037 mantione,
489 2950 540 3020 uti
554 2949 667 3044 quoad
685 2949 839 3046 Belgium
859 2952 987 3039 natavi,
1005 2966 1040 3022 at
1058 2953 1172 3045 quoad
1188 2973 1315 3048 regnunt
1392 3017 1393 3032 ,

269 3064 388 3139 Gallia
406 3065 538 3134 notavit
560 3064 719 3134 dominus
739 3065 781 3134 de
806 3062 990 3136 Hericourt
1016 3067 1050 3136 iu
1077 3067 1207 3164 analysi
1228 3068 1316 3162 hujus
1392 3043 1393 3102 l

274 3181 484 3276 quaestionis.
508 3180 630 3275 i(Vau
652 3185 778 3276 Espen‚
798 3197 822 3286 t.
838 3185 908 3271 111,
927 3209 960 3279 p.
983 3180 1081 3280 562.)

307 3296 401 3366 Mais
416 3319 547 3365 nornme
562 3321 617 3364 cas
634 3311 774 3369 auteurs
793 3297 985 3368 s’affarcent
1000 3299 1041 3370 de
1056 3301 1249 3395 persuadet,
1266 3322 1317 3396 par

271 3437 318 3482 un
344 3411 536 3507 labyrintho
569 3411 792 3482 d’artificieux
824 3438 1042 3510 mensnnges,
1075 3425 1215 3511 que'ea
1239 3416 1316 3488 droit

271 3527 437 3598 n’cxistait
464 3551 524 3622 pas
552 3528 842 3624 primitivament,
873 3529 954 3624 qu'il
985 3558 1029 3602 ne
1058 3533 1134 3604 s’est
1164 3531 1317 3604 introduit

271 3645 347 3741 qu'ia
370 3644 401 3714 la
420 3643 539 3716 faveur
561 3645 618 3716 dea
632 3645 981 3740 faussasdasore'tales,
1005 3665 1039 3718 et
1061 3675 1149 3745 que,
1166 3677 1229 3748 par
1242 3675 1313 3720 con·
1371 3715 1374 3724 .

272 3763 427 3856 sa'quent,
439 3760 469 3831 'il
488 3759 573 3830 n'ast
592 3786 635 3830 au
651 3761 734 3830 fond
754 3762 879 3856 qu²une
900 3766 1096 3835 concession
1118 3767 1314 3864 subreptioc-

273 3894 366 3947 msat
388 3878 537 3946 obtanue
555 3878 614 3948 des
634 3876 783 3948 diverses
803 3878 922 3974 eglises
940 3882 960 3951 ὸ
978 3881 1061 3952 calla
1081 3883 1124 3954 de
1143 3887 1267 3973 Roma,
1281 3879 1314 3950 tt
1391 3925 1392 3950 t

270 4009 332 4069 oat
355 3993 466 4064 raison
485 3993 539 4088 d‘y
560 4008 683 4065 mettre
702 3993 733 4063 la
756 3997 946 4066 restrictiori
967 4023 1034 4093 que
1055 3999 1124 4069 hon
1146 3999 1221 4070 leur
1238 4023 1312 4070 aern-
1391 3973 1392 4026 l

269 4107 344 4197 hle,
363 4131 442 4189 cum
466 4107 619 4179 notabili
634 4109 867 4183 m'lzilomiaus
887 4112 1139 4202 moderatione.
1166 4121 1254 4187 Areo
1273 4139 1311 4184 un

270 4250 337 4318 peu
358 4223 432 4318 plus
452 4223 493 4292 de
510 4223 678 4298 franchise
695 4245 727 4298 et
744 4229 787 4300 de
803 4228 959 4326 legique,
980 4231 1018 4302 ils
1038 4234 1192 4304 auraient
1209 4229 1309 4328 ajoutd
