2844 5028
269 465 341 564 476
601 469 813 551 Qusrnrtnn
836 489 983 537 suarm.

270 645 287 681 u
309 617 484 711 sejudicio
499 617 702 712 discrepare,
716 618 763 686 ita
781 633 818 686 ut
838 616 892 686 alii
907 617 1085 687 rideantur
1101 643 1177 686 eum
1196 619 1255 712 qui
1267 619 1319 712 ju·

270 733 437 804 «dicatur
459 733 661 831 justificare,
683 731 740 803 alii
764 733 1008 822 condemnare,
1035 759 1097 829 pro
1121 733 1320 806 definitione

270 863 287 914 u
309 850 411 944 hujus
439 850 672 940 dissensionis,
704 851 768 920 hoc
796 849 923 945 placuit
949 864 1066 919 sancto
1091 849 1261 938 concilio,
1285 865 1322 921 ut

270 991 287 1036 u
307 967 349 1037 de
374 968 550 1061 provincia
567 968 679 1037 vicina
697 964 782 1037 alter
806 965 1088 1062 metropolitauus
1117 981 1322 1038 convocetur

269 1111 287 1148 a
307 1083 503 1178 episcopus,
532 1097 572 1152 ut
600 1107 660 1176 per
677 1105 756 1150 eum
779 1081 1002 1153 confirmetur
1025 1082 1119 1177 quod
1136 1083 1321 1154 secuudum

271 1227 287 1264 α
305 1214 434 1270 rectum
466 1197 631 1294 placuerit
649 1223 827 1269 canonem.
854 1231 871 1266 n

315 1315 354 1413 7⁰
376 1318 423 1386 Le
437 1314 584 1411 capitule
603 1312 660 1410 7⁸,
679 1316 760 1384 titre
777 1339 817 1404 u,
835 1313 880 1385 de
903 1313 1116 1412 temporibus
1132 1312 1321 1386 ordinatio-

264 1455 348 1500 num
364 1455 404 1500 s«
425 1434 498 1504 Nec
522 1431 672 1526 episcopi
692 1431 763 1500 siue
782 1428 1039 1525 metropolitani
1062 1430 1249 1526 permissu,
1265 1453 1322 1500 nec

267 1572 285 1614 u
305 1545 587 1642 metropolitanus
602 1545 675 1614 sine
693 1545 801 1614 tribus
811 1544 879 1640 (vel
894 1543 1044 1640 duobus)
1056 1545 1222 1640 episcopis
1238 1571 1323 1615 com·

267 1659 569 1755 «provincialibus
589 1675 772 1755 praesumat
797 1661 994 1757 episcopum
1017 1659 1196 1751 ordinare,
1221 1663 1270 1732 ita
1289 1675 1323 1730 ut

267 1805 284 1841 α
306 1775 363 1847 alii
386 1777 535 1873 episcopi
558 1776 859 1871 comprovinciales
883 1776 1133 1847 admoneantur
1156 1777 1321 1873 epistolis,

272 1919 289 1957 u
311 1907 350 1961 ut
379 1916 414 1961 se
443 1917 505 1962 suo
525 1913 687 1986 responso
709 1892 901 1989 significent
928 1870 1273 1988 consensiss03'qi10d
1298 1893 1322 1962 si

269 2037 286 2073 a
311 2009 401 2078 inter
424 2023 537 2102 partes
558 2005 671 2101 aliqua
696 2008 864 2078 dubitatio
888 2008 1010 2097 fuerit,
1032 2009 1152 2102 majori
1182 2032 1324 2079 numero

81 2147 89 2176 =
205 2141 209 2149 '
269 2147 287 2192 u
308 2121 590 2217 metropolitanus
611 2125 646 2193 iu
664 2121 829 2193 electione
847 2125 1049 2196 consentiat.
1067 2149 1085 2193 »

315 2235 354 2309 8⁰
378 2243 435 2310 On
453 2237 616 2334 alleguait
630 2241 762 2309 ensuite
780 2238 943 2336 l'opinion
961 2239 1213 2338 generalement
1228 2265 1327 2333 reque
1420 2271 1421 2300 r

265 2357 374 2453 parmi
399 2355 446 2425 les
469 2358 660 2428 canonistes
686 2359 876 2427 renomme's
902 2357 1004 2427 dece
1026 2372 1146 2453 temps.
1175 2356 1324 2451 D’apres

265 2497 318 2542 ces
335 2487 489 2558 auteurs,
506 2473 541 2540 ni
556 2470 602 2542 les
617 2471 825 2568 suffragauts
843 2497 886 2541 ne
899 2467 1047 2568 peuvent
1066 2475 1138 2545 rien
1154 2498 1237 2556 ,sans
1252 2472 1327 2543 l'as·

265 2590 448 2659 sentiment
479 2588 524 2658 du
552 2587 833 2683 metropolitam,
861 2589 896 2657 ni
920 2587 951 2658 le
973 2588 1229 2684 metropolitam
1252 2613 1327 2660 sans

233 2785 234 2790 ἵ
265 2705 449 2776 l’adhesiou
464 2704 505 2774 de
520 2727 572 2774 scs
591 2704 907 2798 sous-suffragante.
925 2703 1017 2775 D’olr
1031 2704 1053 2774 il
1072 2707 1140 2775 suit
1154 2705 1240 2798 qu'il
1256 2705 1328 2776 faut

264 2822 416 2892 reoourir
434 2845 477 2891 au
500 2818 696 2915 saint-siege
719 2819 803 2890 dans
822 2819 852 2890 le
874 2845 930 2890 cas
951 2820 998 2890 ols
1020 2818 1051 2890 le
1072 2819 1328 2916 metropolitam

266 2952 299 3006 et
326 2935 372 3006 les
405 2935 611 3032 suffragants
639 2935 816 3005 s’arreteut
843 2933 1113 3006 definitivement
1139 2936 1239 3029 ades
1260 2935 1329 3005 avis

267 3055 422 3148 opposds.
439 3054 536 3124 Ainsi
552 3051 776 3148 l’euseignent
791 3050 822 3122 le
839 3051 990 3122 cardinal
1006 3052 1047 3122 de
1060 3057 1328 3137 Turrecremata,

265 3167 424 3258 Redemi,
444 3169 515 3238 Gui
538 3168 581 3238 de
603 3173 709 3266 Bayse
741 3167 861 3264 (qu’on
884 3185 1084 3240 acoutume
1108 3169 1149 3239 de
1176 3171 1264 3239 citer
1289 3195 1329 3239 en

268 3283 361 3354 droit
381 3309 491 3354 canon
512 3309 574 3381 par
596 3283 627 3354 le
649 3310 729 3354 nom
751 3285 1085 3379 d’Archidiaconus),
1107 3300 1141 3356 et
1163 3282 1329 3378 plusieurs

268 3413 394 3488 autres,
409 3400 577 3497 lorsqu’ils
590 3415 821 3472 commentent
833 3401 880 3472 les
894 3402 981 3474 deux
996 3400 1250 3496 capitules'Per
1260 3410 1330 3473 sin·

264 3517 382 3618 gulas.
405 3521 452 3589 Le
473 3516 621 3612 capitulo
645 3503 722 3589 Nec
735 3519 895 3615 episcopi
906 3517 968 3603 dit,
988 3520 1010 3588 a
1032 3516 1064 3587 la
1076 3514 1197 3603 veritd,
1214 3541 1283 3612 que
1301 3515 1329 3584 le

270 3632 525 3729 metropolitam
546 3633 618 3704 doit
636 3659 671 3703 se
692 3635 925 3704 conformeris
944 3632 1038 3704 l’avis
1059 3632 1101 3703 de
1122 3632 1153 3703 la
1175 3633 1329 3727 majoritd

270 3752 311 3821 de
322 3775 374 3820 ses
391 3750 615 3848 suffragants3
629 3749 714 3820 mais
732 3749 781 3820 les
797 3751 990 3820 canonistes
1004 3747 1195 3846 rependent
1210 3751 1229 3818 “a
1244 3763 1328 3819 cette

270 3863 433 3936 difficulte
451 3867 492 3936 de
511 3865 598 3936 deux
615 3867 781 3935 manieres
798 3890 806 3935 τ
826 3877 858 3935 1⁰
875 3889 918 3934 en
937 3864 1060 3936 faisant
1073 3860 1327 3957 observerqu’il

270 3979 368 4078 s'agit
390 3981 473 4052 dans
498 3996 551 4053 cet
580 3979 717 4050 endroit
740 3981 788 4051 du
810 4005 865 4050 cas
885 3980 1083 4076 particulier
1104 3978 1147 4049 de
1170 3977 1327 4049 l’ordina·

272 4098 343 4166 tion
361 4097 443 4167 d’un
463 4099 613 4192 evdque3
629 4103 663 4167 2⁰
681 4121 724 4167 en
744 4110 926 4167 soutenant
941 4121 1009 4195 que
1022 4095 1107 4166 dans
1122 4119 1162 4165 ce
1177 4119 1232 4165 cas
1245 4116 1323 4189 par·

273 4210 406 4283 ticulier
425 4210 518 4284 l’avis
539 4212 580 4284 de
601 4210 835 4309 l’archevdque
854 4211 986 4286 devrait
1008 4209 1177 4308 prevaloir
1205 4207 1253 4280 s’il
1282 4230 1322 4276 ne
