2806 5026
189 515 341 562 concina
359 513 462 561 nnov.
478 513 546 561 ran
566 513 791 562 cannuccio
809 516 837 561 s.
851 497 960 564 srn‘cn.
1039 491 1108 565 383

81 645 191 714 Trente.
220 645 284 712 Les
314 639 442 712 decreta
467 668 510 712 nc
530 657 678 737 peuvent
698 643 770 712 &tre
791 642 963 739 imprimes
987 644 1022 716 ni
1046 645 1109 716 mis
1219 687 1221 692 ·

78 757 267 828 'aericution
286 782 363 827 sans
387 772 476 828 cette
493 758 716 828 autorisation
734 759 799 855 (r)
818 788 836 825 n

113 871 224 944 Benoit
240 873 324 951 XIV
338 871 421 943 n’est
435 898 494 969 pas
509 875 618 943 moins
633 871 750 943 formel
767 901 775 943 ε

114 993 190 1060 «Ea
208 985 221 1058 (
235 986 282 1058 les
309 985 477 1084 decrets),
494 1003 677 1084 antequam
696 989 968 1086 promulgentur,
998 987 1108 1064 trans·

76 1106 148 1174 mitti
168 1105 269 1200 jussit
290 1105 403 1176 Sixtus
422 1107 455 1175 V
478 1103 522 1176 ad
546 1131 674 1176 sacram
701 1107 998 1202 congregationem
1025 1135 1108 1180 con·

75 1221 148 1314 ciiii,
176 1249 246 1294 non
264 1223 401 1320 quidem
425 1237 463 1293 ut
483 1237 598 1318 postea
615 1221 909 1294 confirmationem
935 1221 1110 1322 reportent

75 1337 172 1407 asede
196 1336 403 1433 apostolica,
428 1335 485 1406 scd
504 1351 543 1406 ut
562 1337 798 1432 corrigantur,
827 1338 854 1406 si
872 1337 952 1432 quid
970 1338 1108 1410 fortasse

7 1491 9 1598 y
74 1454 101 1522 in
119 1453 234 1525 iisdem
251 1468 319 1540 aut
339 1453 440 1522 nimis
464 1451 632 1548 rigidum,
661 1468 720 1523 aut
747 1454 859 1524 minus
882 1454 1004 1525 rationi
1025 1479 1109 1525 con-

7 1605 9 1638 »
76 1595 203 1662 gruum,
227 1567 509 1665 deprehendatur,
540 1572 619 1642 Nou
636 1567 740 1638 semel
758 1583 870 1640 tamen
886 1570 1008 1640 accidit
1029 1594 1109 1667 pro-

74 1684 216 1758 vincialia
230 1684 372 1756 concilia
385 1711 454 1756 non
470 1684 578 1756 solum
595 1710 614 1756 a
632 1709 727 1756 sacra
745 1687 1009 1784 congregatione
1025 1713 1107 1760 con·

71 1801 128 1873 cilii
140 1804 336 1899 recognosci
348 1817 394 1892 at,
408 1803 434 1872 si
448 1826 533 1898 opus
548 1801 660 1894 fuerit,
678 1803 862 1892 emendari,
877 1829 994 1874 verum
1009 1806 1109 1876 ctiam

73 1945 229 1990 asummo
248 1919 427 2014 pontifice,
448 1918 495 1989 ita
510 1919 701 2014 petentibus
717 1919 982 2016 metropolitanis
996 1947 1016 1991 a
1035 1925 1110 2018 qui-

72 2036 127 2105 bus
149 2051 230 2105 sunt
250 2033 436 2122 celebrata,
460 2058 520 2129 per
539 2034 741 2131 apostolicas
757 2033 882 2106 litteras
897 2037 1108 2109 confirmari.

73 2153 138 2248 (De
153 2177 225 2247 syn.
246 2150 357 2242 dioec,
372 2148 395 2220 I.
413 2151 519 2240 XIII,
533 2175 562 2220 c.
579 2148 613 2237 3,
632 2150 713 2221 edit.
725 2153 816 2224 Prati
829 2205 839 2244 ,
854 2167 877 2224 t.
894 2155 928 2223 II
938 2208 947 2243 ,
961 2177 995 2248 p.
1015 2151 1115 2254 482.)

431 2383 434 2388 ·
555 2349 619 2418 lII.

114 2505 163 2572 Ce
181 2525 248 2596 que
267 2498 298 2569 lc
316 2499 406 2569 droit
431 2496 575 2568 formale
601 2495 817 2585 clairement,
843 2523 883 2568 cc
908 2523 977 2594 que
993 2521 1112 2568 recon-

73 2617 214 2686 naissent
240 2614 288 2686 les
305 2614 513 2704 canonistas,
532 2611 561 2684 la
582 2613 736 2709 pratique
759 2613 956 2684 universeiic
979 2612 1009 2683 Ie
1030 2639 1112 2684 con·

73 2732 174 2802 firme.

115 2847 344 2920 Montium-le
356 2845 614 2944 enparticulier
632 2872 720 2942 pour
736 2845 766 2916 Ia
782 2849 930 2937 France3
947 2845 969 2916 it
988 2871 1030 2916 ne
1045 2871 1115 2918 sera
1168 2937 1172 2944 ⁸

71 2989 128 3058 pas
149 2964 337 3036 ne'ccssaire
350 2965 391 3032 de
409 2980 578 3034 remonter
597 2989 640 3034 au
656 2963 728 3034 dett
743 2964 785 3034 dc
807 2961 910 3052 1563,
929 2966 1060 3060 e'poque
1076 2965 1119 3034 dc

71 3077 101 3149 la
125 3080 253 3151 cioture
270 3080 316 3150 du
337 3079 466 3150 concile
480 3079 521 3150 dc
544 3083 680 3151 Trcnte.

116 3199 168 3266 En
188 3211 330 3292 prenaut
360 3193 391 3266 la
420 3194 597 3266 collection
618 3196 659 3266 de
682 3195 809 3286 Coleti,
841 3195 930 3267 I’une
955 3197 1014 3268 des
1043 3193 1119 3293 plue

70 3312 270 3408 compleres,
288 3339 333 3384 on
357 3327 475 3383 trouve
495 3312 540 3384 les
556 3327 646 3384 actes
666 3313 708 3382 de
723 3339 809 3384 onze
826 3314 967 3410 synodes
981 3315 1120 3410 provin·

70 3429 225 3499 vinciaux
240 3443 339 3498 tenus
355 3413 397 3498 eit
411 3433 539 3499 Franco
560 3429 860 3524 posterieurcrncnt
876 3453 920 3500 au
936 3427 1064 3500 canate
1077 3429 1119 3498 tic

71 3547 205 3614 Trente.
233 3549 282 3616 Ce
301 3560 378 3615 sont
395 3544 443 3615 les
461 3544 607 3615 conciies
624 3545 666 3614 de
685 3549 852 3644 Bourges,
872 3545 914 3614 de
929 3545 1120 3634 Bordeaux,
1237 3549 1238 3554 ’

70 3658 113 3726 de
125 3661 322 3750 Narbonae,
336 3660 444 3750 d'Aix,
461 3660 502 3730 de
514 3659 693 3750 Toulouse,
705 3660 908 3755 d’Avignon,
921 3657 1119 3751 d’Etnbrun,

71 3773 115 3841 de
129 3777 268 3864 Rouen,
287 3774 329 3844 de
346 3778 473 3862 Tours,
496 3775 537 3845 de
553 3777 668 3846 Reims
684 3791 718 3844 et
739 3775 781 3844 de
804 3774 972 3876 Cambrai.

121 3893 175 3960 On
200 3906 319 3962 trouve
340 3916 463 3962 encore
481 3917 527 3961 un
550 3907 651 3962 court
675 3892 799 3962 extrait
823 3891 904 3960 d'un
934 3890 1063 3962 concile
1082 3891 1123 3963 dc

72 4006 207 4078 Viennc
227 4023 262 4078 et
285 4005 366 4078 d’un
383 4023 479 4080 autre
499 4007 540 4078 de
558 4011 651 4080 Sena.
675 4009 823 4080 Maisan
841 4033 884 4080 nc
906 4023 1026 4080 trouve
1050 4009 1121 4079 rica

112 4230 152 4301 (t)
170 4231 243 4290 Loco
258 4233 359 4302 citato,
375 4251 401 4308 p.
414 4251 473 4306 ²7²·
