2836 5024
213 473 411 528 nsasonnas
429 479 641 530 conteneant·
660 477 703 530 ta
721 479 889 548 concina,
908 479 980 530 erc.
1060 443 1126 539 135

101 623 160 672 sera
183 597 328 677 edldbrde
357 636 373 672 α
396 603 617 708 suffraganeis
639 609 822 679 secundum
843 635 941 694 suurn
971 608 1126 684 ordinem

100 745 112 783 n
129 714 156 789 in
176 723 286 822 cappis
303 739 336 794 et
357 722 486 794 baculis
501 721 742 824 pastoralibus,
761 751 828 794 una
852 752 928 798 curn
948 725 1127 822 abbatibus

99 867 111 899 i
127 839 334 934 praesentibus
353 837 536 914 seeundum
552 844 601 912 sui
620 841 805 922 decentiam
825 857 933 924 status
953 844 1090 940 ornatis.
1111 869 1128 933 »3

136 952 178 1029 le
198 959 325 1031 concile
346 959 529 1061 provincial
552 961 593 1030 de
623 961 806 1064 Florenee,
833 987 874 1030 en
897 953 1010 1060 1517,
1036 958 1129 1058 parlp

99 1073 173 1146 dela
193 1080 300 1148 meme
320 1079 470 1152 maniere
488 1097 523 1154 et
541 1079 729 1152 condamne
748 1077 767 1151 ir
787 1076 818 1155 la
839 1077 947 1160 mirre
967 1077 1065 1178 peine
1084 1071 1130 1144 les

98 1193 220 1290 aveques
245 1195 449 1293 suffragants
468 1211 502 1266 et
521 1195 568 1266 les
585 1197 688 1266 abbe's
707 1221 776 1272 nou
796 1209 946 1292 exempts
966 1194 1049 1294 qui,
1078 1192 1130 1275 in-

97 1309 164 1380 vite's
176 1336 217 1385 au
232 1311 379 1402 concile,
398 1311 546 1382 resusent
563 1313 603 1382 de
617 1311 666 1408 s'y
682 1311 805 1385 rendre
821 1338 863 1384 en
874 1337 1054 1408 personne,
1073 1333 1132 1402 ou,

11 1467 12 1470 =
97 1448 128 1492 en
141 1452 190 1496 cas
208 1427 519 1524 d’ernpecbement,
536 1429 579 1500 de
602 1427 647 1526 s'y
664 1430 747 1500 faire
762 1426 980 1526 repre‘seuter.

134 1571 148 1606 r
165 1541 401 1645 suffraganeos
421 1560 553 1634 autern,
572 1547 710 1616 abbates
727 1562 760 1620 et
781 1544 865 1619 alios
888 1543 1042 1642 praelatos
1059 1572 1142 1620 non.

96 1677 286 1758 rexemptos
305 1663 377 1758 qui,
396 1663 529 1732 invitati
545 1662 586 1732 ad
606 1662 810 1761 provinciale
831 1663 1033 1756 concilium,
1052 1663 1132 1760 legi-

11 1873 12 1880 ,
96 1775 195 1853 «tima
221 1804 293 1847 non
322 1778 523 1848 subsistente
553 1804 652 1850 oausa
686 1805 745 1880 per
779 1805 813 1851 sc
850 1779 901 1852 vel
931 1805 991 1878 per
1024 1779 1127 1870 aliurn

11 1883 12 1890 ἵ
97 1920 109 1954 r
125 1895 253 1988 quando
280 1897 457 1966 necessitas
482 1895 654 1992 suaderet,
691 1895 808 1980 vertice
823 1896 1050 1994 neglexerint,
1070 1922 1129 1991 per

11 2039 13 2116 ζ
98 2035 172 2078 «sex
197 2037 329 2082 menses
357 2012 399 2082 ab
428 2011 531 2080 officii
556 2012 607 2080 sui
632 2011 829 2088 executione
854 2037 1032 2108 suspensos
1054 2037 1125 2091 exse

11 2129 13 2168 l
96 2123 348 2198 adceleravit.»
383 2128 526 2225 (Mansi,
560 2123 784 2224 Supple'ment
815 2126 833 2200 ir
870 2123 1001 2218 Coleti,
1038 2129 1129 2214 t..V,

96 2244 229 2340 sto.)

134 2367 222 2436 Dans
257 2364 466 2439 l'allocution
497 2364 556 2460 qui
586 2388 690 2436 ouvre
722 2362 752 2436 le
788 2361 918 2436 concile
948 2359 990 2434 de
1021 2360 1132 2446 Reinrs

96 2475 129 2547 de
149 2479 259 2572 1564,
286 2481 332 2552 les
353 2479 454 2554 abbes
475 2481 590 2554 furent
612 2479 746 2580 appeles
764 2480 784 2551 a
803 2479 934 2576 donner
955 2477 1027 2572 leur
1046 2479 1134 2564 avis,

15 2643 16 2698 5
96 2594 168 2670 dela
186 2601 297 2673 menne
314 2598 540 2692 maniereque
562 2596 610 2669 les
626 2599 791 2694 e'vdques,
813 2620 871 2666 sur
890 2594 922 2666 la
944 2593 1133 2677 canonicite

15 2701 16 2764 Ῐ
96 2711 359 2789 del'ouverture.

133 2835 222 2908 «His
235 2833 392 2928 peractis,
411 2831 495 2902 dixit
516 2830 826 2922 Reverendissirnus
849 2829 1130 2926 metropolitanus

95 2947 169 3019 edic
183 2945 345 3046 sequenti
357 2946 440 3018 nihil
455 2944 546 3016 aliud
564 2949 618 3042 agi
635 2972 731 3044 posse
749 2973 852 3046 quarn
872 2962 910 3021 ut
924 2947 1134 3034 reverendis·

96 3065 192 3136 «simi
218 3091 288 3136 suae
305 3064 486 3160 provincie
512 3064 663 3160 episcopi
688 3078 721 3133 et
746 3063 919 3135 reverendi
941 3064 1133 3150 archiman-

97 3163 231 3269 idriis,
261 3206 301 3250 ae
329 3193 565 3275 procuratores
596 3180 784 3250 absentium
811 3180 880 3266 suis
903 3179 1134 3274 significarent

96 3321 109 3356 r
125 3297 292 3368 sententiis
311 3310 439 3366 essetne
459 3275 608 3391 legitime
627 3309 864 3390 convocatum,
887 3311 1132 3392 congregatum

97 3437 110 3470 t
127 3427 155 3498 et
171 3429 324 3512 apertum
343 3393 548 3507 provinciale
567 3411 755 3485 Rhomense
771 3411 992 3498 concilium.»
1019 3417 1076 3500 Ora
1095 3411 1135 3497 tit

98 3523 168 3598 dans
184 3527 231 3620 les
247 3544 337 3602 actes
355 3529 400 3598 du
419 3530 528 3599 meme
546 3527 697 3618 concile:
715 3557 731 3592 s
753 3527 1001 3601 CurnRhemos
1025 3529 1134 3613 venis·

98 3670 111 3704 r
130 3661 196 3721 sent
214 3625 344 3740 aliquot
367 3644 550 3739 provineiae
570 3644 770 3722 Rhemensis
784 3643 945 3736 episcopi,
965 3657 999 3712 et
1016 3643 1135 3726 ahsep·

98 3759 203 3830 «tium
219 3761 457 3856 episcoporum
474 3758 789 3858 carronicorurnque
806 3771 873 3824 tarn
891 3755 1133 3842 cathedralium

100 3900 222 3968 equam
241 3861 499 3969 collegiatarum
520 3874 736 3944 eeclesiarum
752 3887 1006 3968 procuratores,
1022 3889 1055 3944 et
1074 3873 1135 3962 ali·

100 4013 113 4048 v
128 4004 206 4082 quot
220 3988 490 4060 archimandritae
506 4014 563 4058 scu
582 3989 739 4076 abbates,
753 4002 785 4064 et
801 3989 990 4058 absentium
1005 3988 1136 4084 aliquot

100 4130 114 4163 a
133 4121 373 4196 procuratores,
385 4103 427 4172 ad
437 4105 643 4202 provinciale
657 4085 837 4178 ¹concilium
849 4103 891 4192 ab
905 4079 1136 4202 illustrissimo

21 4249 22 4326 }
102 4245 127 4316 l,
134 4234 165 4303 et
175 4217 460 4324 Reverendissinro
473 4219 636 4292 cardinali
652 4201 861 4328 itotllpa'pjngo
873 4201 1140 4332 {anquam-{ibe-
