2844 5028
251 455 321 548 472
553 481 555 488 ·
583 452 794 534 onerariae
819 471 959 522 enarre.
1061 433 1063 438 ’

222 649 225 656 ·
250 601 348 672 celles
358 601 417 698 qui
428 615 490 670 ont
505 599 768 671 eteintroduites
781 601 863 671 dans
873 598 904 669 le
915 603 1048 698 Corpus
1052 600 1152 698 Jirrr's
1163 595 1210 669 tei
1220 596 1299 694 qu’il

249 716 404 792 ae'tefixri
415 743 476 814 par
486 717 516 788 la
526 717 618 788 bullo
632 718 674 787 de
683 716 954 812 GregoireXllL
968 719 1054 790 Cum
1065 740 1133 813 pru
1145 739 1301 804 marcere,

251 836 299 906 du
320 833 491 930 1⁰¹juiltet
512 832 613 906 1580.
628 863 647 899 a
665 833 789 922 Buttae,
802 849 916 904 motus
930 835 1080 929 proprii,
1100 834 1235 918 brevia,
1252 857 1303 902 re·

251 983 268 1018 ιι
289 951 375 1047 gulae
389 948 614 1040 canceilariae,
633 950 768 1020 decreta
784 949 1030 1020 consistorialia
1051 964 1085 1019 et
1108 948 1175 1019 alia
1186 949 1304 1044 hujus·

249 1099 267 1134 ιι
287 1068 378 1138 modi
389 1091 464 1163 quae
482 1067 660 1138 eduntura
676 1067 815 1136 summis
830 1066 1048 1162 pontificibus
1058 1067 1129 1134 sine
1139 1063 1301 1155 coneilio,

249 1213 266 1248 ιι
287 1197 322 1253 et
338 1197 417 1252 sunt
435 1199 530 1254 extra
541 1207 665 1280 corpus
681 1182 782 1277 juris,
804 1207 874 1252 non
887 1196 1138 1251 consueverunt
1154 1203 1303 1251 canones

249 1329 265 1364 ι
285 1297 447 1394 appellari
464 1298 529 1394 (ι).
543 1329 560 1364 ιι
574 1298 667 1370 C’est
681 1323 757 1370 sans
772 1298 876 1369 doute
890 1323 933 1368 en
951 1323 1016 1368 vua
1036 1297 1219 1370 decorans
1239 1321 1303 1392 que

248 1415 281 1486 le
296 1418 385 1486 saint
406 1414 535 1486 concile
552 1415 595 1486 de
612 1418 739 1487 Trente
760 1440 804 1484 ne
824 1440 859 1485 se
880 1421 1040 1485 contente
1063 1437 1122 1509 pas
1140 1413 1185 1482 de
1205 1437 1302 1511 pres·

249 1535 336 1603 crire
351 1531 573 1604 l'ohtissance
586 1557 652 1603 aux
665 1557 810 1619 canons,
824 1533 909 1602 mais
923 1533 1013 1602 aussi
1029 1531 1138 1602 btous
1153 1529 1203 1599 les
1222 1553 1302 1600 cou-

244 1647 327 1718 'ciies
341 1649 594 1743 oeourne'niques
612 1663 647 1719 et
659 1673 734 1718 ausc
749 1663 872 1718 autres
890 1647 1129 1719 constitutions
1141 1646 1201 1716 des
1216 1672 1301 1742 pon·

247 1764 325 1834 tifes
348 1765 497 1835 romains
522 1789 530 1832 :
557 1793 573 1829 ιι
599 1764 761 1834 Decernit
794 1766 908 1860 itaque
935 1778 970 1834 et
1007 1763 1157 1860 praecipit
1189 1787 1301 1834 sacros

247 1905 428 1950 «canones
453 1895 488 1950 et
520 1879 663 1950 eoncilia
689 1879 859 1976 generalia
885 1881 1021 1968 omnia,
1053 1903 1188 1950 necnon
1222 1877 1301 1950 alias

246 2023 263 2059 ιι
282 1994 485 2090 apostolicas
497 1997 687 2068 sanctiones
699 1997 732 2065 in
751 1996 900 2066 favonem
913 1993 1214 2066 ecclesiasticarum
1231 2021 1303 2091 per·

245 2140 262 2176 ιι
281 2135 455 2201 sonarum,
466 2112 631 2184 libertatis
644 2113 935 2186 ecclesiasticae.....
950 2129 1065 2184 exacte
1078 2113 1120 2182 ab
1139 2115 1302 2184 omnibus

244 2257 261 2291 ιι
280 2230 407 2298 servari
424 2229 546 2300 debere
560 2227 627 2326 (n).
644 2261 661 2296 n
688 2229 780 2302 C’est
800 2233 888 2301 aussi
911 2233 929 2302 a
948 2256 1048 2302 cause
1072 2231 1115 2301 de
1132 2235 1222 2301 cette
1245 2255 1303 2300 ac·

245 2345 382 2438 ception
407 2344 624 2442 particulibre
644 2346 692 2417 du
717 2361 790 2419 mot
811 2371 927 2418 canon
947 2373 1013 2441 que
1032 2346 1063 2417 le
1088 2347 1301 2443 saint-siege,

245 2484 290 2529 en
306 2460 492 2532 accordant
514 2462 571 2532 des
593 2461 790 2560 privileges,
816 2477 1006 2533 acoutume
1019 2462 1131 2533 d’user
1153 2463 1195 2532 de
1212 2477 1303 2534 cette

242 2576 387 2648 fon-mule
403 2605 411 2648 :
429 2581 655 2651 «Dummodo
676 2595 788 2650 tamen
808 2581 908 2650 sacris
923 2580 1131 2667 canonibus,
1152 2580 1300 2650 Triden-

243 2694 342 2763 ntini
372 2695 508 2765 concilii
545 2695 688 2768 decretis
715 2712 749 2767 et
776 2696 1075 2768 constitutionibus
1105 2694 1300 2790 apostolicis

187 2819 192 2831 '
243 2835 349 2880 «non
379 2813 447 2882 sint
474 2814 703 2904 contrariam
738 2828 827 2883 mots
854 2838 921 2907 que
947 2815 1084 2908 Fagnan
1112 2813 1301 2907 interprete

242 2927 327 2996 ainsi
352 2953 360 2996 τ
387 2929 638 3018 «Canonibus,
666 2929 700 2998 id
726 2944 777 2998 est
795 2928 939 2998 redactis
968 2929 1004 2997 io
1026 2953 1170 3024 corpore
1189 2930 1298 3024 juris3

241 3041 600 3132 «constitutionibus,
633 3044 668 3114 id
692 3059 743 3114 est
764 3045 1078 3141 extravagantibus,
1102 3045 1138 3114 in
1153 3070 1300 3142 corpore

240 3185 258 3222 ιι
273 3158 360 3251 juris
374 3184 445 3229 non
460 3160 593 3231 insertis
607 3159 670 3257 (3);
690 3192 707 3228 n

739 3291 801 3420 ni.

314 3499 353 3546 on
362 3507 424 3568 peut
436 3513 541 3550 aarum
553 3498 722 3552 martirutiona
732 3499 767 3551 tn
779 3498 872 3552 dauers
888 3498 930 3552 des
944 3499 1054 3554 Οοιιιὶἱιε
1062 3503 1232 3572 provinciam.

269 3655 272 3662 ’
290 3655 411 3726 Benoit
425 3659 508 3727 XIV
526 3657 592 3729 cite
607 3684 651 3728 un
670 3673 790 3730 auteur
803 3660 861 3753 qui
880 3686 923 3730 ne
942 3660 1070 3757 croyait
1089 3687 1149 3758 pas
1165 3689 1231 3757 que
1248 3663 1298 3735 les
1331 3657 1333 3661 ⁸

240 3769 400 3865 synodeS,
416 3773 482 3841 soit
499 3774 734 3869 provinciana,
750 3777 816 3846 soit
835 3775 1041 3868 diocesains,
1058 3795 1197 3874 pussant
1214 3779 1299 3852 dou-

278 4006 318 4074 (ι)
333 4006 348 4058 1
359 4016 428 4078 part.
447 4024 458 4059 1
470 4009 591 4075 Decret,
605 4008 637 4062 de
650 4013 750 4077 Consu,
761 4031 784 4066 c.
797 4016 929 4068 Catonum
941 4026 1049 4081 statuto,
1063 4033 1092 4072 o.
1105 4034 1149 4070 nr.

275 4099 315 4162 (a)
333 4096 402 4149 Sess.
417 4097 460 4159 25,
475 4114 534 4172 cap.
550 4117 595 4167 ao,
609 4098 644 4154 da
657 4099 779 4159 Reform.

277 4182 314 4251 (3)
335 4184 408 4238 Loro
422 4203 504 4258 supra
517 4187 619 4255 citato,
634 4207 662 4246 o.
678 4191 720 4244 23.
788 4259 793 4268 ι
905 4213 908 4220 ⁴
