<?xml version="1.0" encoding="UTF-8"?>
<!DOCTYPE html PUBLIC "-//W3C//DTD XHTML 1.0 Transitional//EN"
    "http://www.w3.org/TR/xhtml1/DTD/xhtml1-transitional.dtd">
<html xmlns="http://www.w3.org/1999/xhtml" xml:lang="en" lang="en">
 <head>
  <title>
</title>
<meta http-equiv="Content-Type" content="text/html;charset=utf-8" />
  <meta name='ocr-system' content='tesseract 3.04.00' />
  <meta name='ocr-capabilities' content='ocr_page ocr_carea ocr_par ocr_line ocrx_word'/>
</head>
<body>
  <div class='ocr_page' id='page_1' title='image "./duconcileprovin00bouigoog_0371.png"; bbox 0 0 2806 5026; ppageno 0'>
   <div class='ocr_carea' id='block_1_1' title="bbox 178 455 1106 531">
    <p class='ocr_par' dir='ltr' id='par_1_1' title="bbox 178 455 1106 531">
     <span class='ocr_line' id='line_1_1' title="bbox 178 455 1106 531; baseline 0.01 -9"><span class='ocrx_word' id='word_1_1' title='bbox 178 473 334 522; x_wconf 78' lang='lat' dir='ltr'><strong>concine</strong></span> <span class='ocrx_word' id='word_1_2' title='bbox 352 473 456 522; x_wconf 79' lang='lat' dir='ltr'><strong>rnov.</strong></span> <span class='ocrx_word' id='word_1_3' title='bbox 476 473 543 522; x_wconf 77' lang='lat' dir='ltr'><strong>ran</strong></span> <span class='ocrx_word' id='word_1_4' title='bbox 561 473 722 522; x_wconf 74' lang='lat' dir='ltr'><strong>narronr</strong></span> <span class='ocrx_word' id='word_1_5' title='bbox 736 475 783 524; x_wconf 77' lang='lat' dir='ltr'><strong>au</strong></span> <span class='ocrx_word' id='word_1_6' title='bbox 799 478 827 523; x_wconf 87' lang='lat' dir='ltr'><strong>s.</strong></span> <span class='ocrx_word' id='word_1_7' title='bbox 840 458 957 527; x_wconf 74' lang='lat' dir='ltr'><strong>sides.</strong></span> <span class='ocrx_word' id='word_1_8' title='bbox 1036 455 1106 531; x_wconf 85' lang='lat'><strong>353</strong></span> 
     </span>
    </p>
   </div>
   <div class='ocr_carea' id='block_1_2' title="bbox 18 583 1203 4166">
    <p class='ocr_par' dir='ltr' id='par_1_2' title="bbox 18 583 1203 4166">
     <span class='ocr_line' id='line_1_2' title="bbox 69 583 1105 696; baseline 0.012 -28"><span class='ocrx_word' id='word_1_9' title='bbox 69 597 171 696; x_wconf 86' lang='lat' dir='ltr'><strong>ployer</strong></span> <span class='ocrx_word' id='word_1_10' title='bbox 195 625 238 672; x_wconf 89' lang='lat' dir='ltr'><strong>eo</strong></span> <span class='ocrx_word' id='word_1_11' title='bbox 264 613 354 674; x_wconf 86' lang='lat' dir='ltr'><strong>cette</strong></span> <span class='ocrx_word' id='word_1_12' title='bbox 377 583 555 680; x_wconf 85' lang='lat' dir='ltr'><strong>rencontre</strong></span> <span class='ocrx_word' id='word_1_13' title='bbox 575 617 662 674; x_wconf 90' lang='lat' dir='ltr'><strong>cette</strong></span> <span class='ocrx_word' id='word_1_14' title='bbox 683 603 832 676; x_wconf 73' lang='lat' dir='ltr'><strong>maniere</strong></span> <span class='ocrx_word' id='word_1_15' title='bbox 858 605 899 676; x_wconf 88' lang='lat' dir='ltr'><strong>de</strong></span> <span class='ocrx_word' id='word_1_16' title='bbox 925 593 1008 677; x_wconf 88' lang='lat' dir='ltr'><strong>faire</strong></span> <span class='ocrx_word' id='word_1_17' title='bbox 1029 609 1105 680; x_wconf 76' lang='lat' dir='ltr'><strong>exd-</strong></span> 
     </span>
     <span class='ocr_line' id='line_1_3' title="bbox 68 715 1108 820; baseline 0.011 -35"><span class='ocrx_word' id='word_1_18' title='bbox 68 731 150 786; x_wconf 89' lang='lat' dir='ltr'><strong>cuter</strong></span> <span class='ocrx_word' id='word_1_19' title='bbox 169 741 219 788; x_wconf 87' lang='lat' dir='ltr'><strong>ses</strong></span> <span class='ocrx_word' id='word_1_20' title='bbox 238 715 456 813; x_wconf 81' lang='lat' dir='ltr'><strong>jugements?</strong></span> <span class='ocrx_word' id='word_1_21' title='bbox 474 717 509 790; x_wconf 91' lang='lat' dir='ltr'><strong>Si</strong></span> <span class='ocrx_word' id='word_1_22' title='bbox 533 720 621 790; x_wconf 83' lang='lat' dir='ltr'><strong>saint</strong></span> <span class='ocrx_word' id='word_1_23' title='bbox 645 721 814 815; x_wconf 82' lang='lat' dir='ltr'><strong>Augustin</strong></span> <span class='ocrx_word' id='word_1_24' title='bbox 839 723 929 792; x_wconf 87' lang='lat' dir='ltr'><strong>avait</strong></span> <span class='ocrx_word' id='word_1_25' title='bbox 955 747 1016 794; x_wconf 89' lang='lat' dir='ltr'><strong>cru</strong></span> <span class='ocrx_word' id='word_1_26' title='bbox 1041 751 1108 820; x_wconf 90' lang='lat' dir='ltr'><strong>que</strong></span> 
     </span>
     <span class='ocr_line' id='line_1_4' title="bbox 67 833 1108 932; baseline 0.013 -32"><span class='ocrx_word' id='word_1_27' title='bbox 67 833 163 906; x_wconf 78' lang='lat' dir='ltr'><strong>c’dtait</strong></span> <span class='ocrx_word' id='word_1_28' title='bbox 193 863 237 908; x_wconf 90' lang='lat' dir='ltr'><strong>au</strong></span> <span class='ocrx_word' id='word_1_29' title='bbox 263 833 393 908; x_wconf 84' lang='lat' dir='ltr'><strong>concile</strong></span> <span class='ocrx_word' id='word_1_30' title='bbox 425 834 599 930; x_wconf 78' lang='lat' dir='ltr'><strong>d’Asrique</strong></span> <span class='ocrx_word' id='word_1_31' title='bbox 620 836 662 906; x_wconf 88' lang='lat' dir='ltr'><strong>de</strong></span> <span class='ocrx_word' id='word_1_32' title='bbox 683 861 875 932; x_wconf 85' lang='lat' dir='ltr'><strong>prononcer</strong></span> <span class='ocrx_word' id='word_1_33' title='bbox 905 863 947 910; x_wconf 92' lang='lat' dir='ltr'><strong>en</strong></span> <span class='ocrx_word' id='word_1_34' title='bbox 974 841 1108 913; x_wconf 82' lang='lat' dir='ltr'>dernier</span> 
     </span>
     <span class='ocr_line' id='line_1_5' title="bbox 67 950 1108 1052; baseline 0.009 -31"><span class='ocrx_word' id='word_1_35' title='bbox 67 968 193 1042; x_wconf 68' lang='lat' dir='ltr'><strong>resson,</strong></span> <span class='ocrx_word' id='word_1_36' title='bbox 212 969 318 1024; x_wconf 90' lang='lat' dir='ltr'><strong>est-ce</strong></span> <span class='ocrx_word' id='word_1_37' title='bbox 333 951 414 1048; x_wconf 84' lang='lat' dir='ltr'><strong>qu’ii</strong></span> <span class='ocrx_word' id='word_1_38' title='bbox 437 950 482 1022; x_wconf 83' lang='lat' dir='ltr'><strong>lui</strong></span> <span class='ocrx_word' id='word_1_39' title='bbox 499 954 601 1022; x_wconf 84' lang='lat' dir='ltr'><strong>serait</strong></span> <span class='ocrx_word' id='word_1_40' title='bbox 618 953 726 1022; x_wconf 76' lang='lat' dir='ltr'><strong>mdme</strong></span> <span class='ocrx_word' id='word_1_41' title='bbox 751 979 839 1024; x_wconf 87' lang='lat' dir='ltr'><strong>venu</strong></span> <span class='ocrx_word' id='word_1_42' title='bbox 865 981 905 1025; x_wconf 89' lang='lat' dir='ltr'><strong>en</strong></span> <span class='ocrx_word' id='word_1_43' title='bbox 925 957 1047 1052; x_wconf 71' lang='lat' dir='ltr'><strong>penses</strong></span> <span class='ocrx_word' id='word_1_44' title='bbox 1066 960 1108 1030; x_wconf 87' lang='lat' dir='ltr'><strong>de</strong></span> 
     </span>
     <span class='ocr_line' id='line_1_6' title="bbox 66 1065 1106 1171; baseline 0.011 -35"><span class='ocrx_word' id='word_1_45' title='bbox 66 1065 136 1140; x_wconf 84' lang='lat' dir='ltr'><strong>saire</strong></span> <span class='ocrx_word' id='word_1_46' title='bbox 149 1095 204 1141; x_wconf 85' lang='lat' dir='ltr'><strong>ees</strong></span> <span class='ocrx_word' id='word_1_47' title='bbox 220 1065 488 1166; x_wconf 85' lang='lat' dir='ltr'><strong>supplications?</strong></span> <span class='ocrx_word' id='word_1_48' title='bbox 509 1067 590 1138; x_wconf 91' lang='lat' dir='ltr'><strong>Bien</strong></span> <span class='ocrx_word' id='word_1_49' title='bbox 611 1067 698 1163; x_wconf 89' lang='lat' dir='ltr'><strong>plus,</strong></span> <span class='ocrx_word' id='word_1_50' title='bbox 714 1069 849 1139; x_wconf 88' lang='lat' dir='ltr'><strong>serait-il</strong></span> <span class='ocrx_word' id='word_1_51' title='bbox 864 1096 954 1144; x_wconf 87' lang='lat' dir='ltr'><strong>venu</strong></span> <span class='ocrx_word' id='word_1_52' title='bbox 965 1098 1007 1144; x_wconf 91' lang='lat' dir='ltr'><strong>en</strong></span> <span class='ocrx_word' id='word_1_53' title='bbox 1022 1100 1106 1171; x_wconf 90' lang='lat' dir='ltr'><strong>pen-</strong></span> 
     </span>
     <span class='ocr_line' id='line_1_7' title="bbox 65 1185 1107 1283; baseline 0.007 -27"><span class='ocrx_word' id='word_1_54' title='bbox 65 1187 109 1256; x_wconf 86' lang='lat' dir='ltr'><strong>se‘e</strong></span> <span class='ocrx_word' id='word_1_55' title='bbox 120 1213 185 1258; x_wconf 81' lang='lat' dir='ltr'><strong>aux</strong></span> <span class='ocrx_word' id='word_1_56' title='bbox 199 1186 350 1283; x_wconf 88' lang='lat' dir='ltr'><strong>pontises</strong></span> <span class='ocrx_word' id='word_1_57' title='bbox 369 1185 523 1257; x_wconf 86' lang='lat' dir='ltr'><strong>romains</strong></span> <span class='ocrx_word' id='word_1_58' title='bbox 537 1187 741 1256; x_wconf 69' lang='lat' dir='ltr'><strong>eux-memes</strong></span> <span class='ocrx_word' id='word_1_59' title='bbox 755 1186 797 1257; x_wconf 91' lang='lat' dir='ltr'><strong>de</strong></span> <span class='ocrx_word' id='word_1_60' title='bbox 812 1185 1005 1260; x_wconf 89' lang='lat' dir='ltr'><strong>s&#39;attribner</strong></span> <span class='ocrx_word' id='word_1_61' title='bbox 1020 1205 1107 1262; x_wconf 85' lang='lat' dir='ltr'><strong>cette</strong></span> 
     </span>
     <span class='ocr_line' id='line_1_8' title="bbox 64 1299 1107 1403; baseline 0.009 -33"><span class='ocrx_word' id='word_1_62' title='bbox 64 1299 237 1400; x_wconf 76' lang='lat' dir='ltr'><strong>inergique</strong></span> <span class='ocrx_word' id='word_1_63' title='bbox 253 1317 286 1375; x_wconf 87' lang='lat' dir='ltr'><strong>et</strong></span> <span class='ocrx_word' id='word_1_64' title='bbox 306 1301 417 1399; x_wconf 89' lang='lat' dir='ltr'><strong>pleine</strong></span> <span class='ocrx_word' id='word_1_65' title='bbox 432 1301 592 1392; x_wconf 78' lang='lat' dir='ltr'><strong>autoritd,</strong></span> <span class='ocrx_word' id='word_1_66' title='bbox 607 1304 634 1372; x_wconf 89' lang='lat' dir='ltr'><strong>si</strong></span> <span class='ocrx_word' id='word_1_67' title='bbox 653 1302 772 1399; x_wconf 87' lang='lat' dir='ltr'>depuis</span> <span class='ocrx_word' id='word_1_68' title='bbox 788 1301 834 1374; x_wconf 83' lang='lat' dir='ltr'><strong>ies</strong></span> <span class='ocrx_word' id='word_1_69' title='bbox 848 1319 957 1402; x_wconf 86' lang='lat' dir='ltr'><strong>temps</strong></span> <span class='ocrx_word' id='word_1_70' title='bbox 971 1323 1107 1403; x_wconf 84' lang='lat' dir='ltr'><strong>aposto-</strong></span> 
     </span>
     <span class='ocr_line' id='line_1_9' title="bbox 64 1416 1107 1515; baseline 0.008 -28"><span class='ocrx_word' id='word_1_71' title='bbox 64 1416 160 1515; x_wconf 84' lang='lat' dir='ltr'><strong>liques</strong></span> <span class='ocrx_word' id='word_1_72' title='bbox 186 1447 227 1492; x_wconf 89' lang='lat' dir='ltr'><strong>ce</strong></span> <span class='ocrx_word' id='word_1_73' title='bbox 253 1420 343 1492; x_wconf 81' lang='lat' dir='ltr'><strong>droit</strong></span> <span class='ocrx_word' id='word_1_74' title='bbox 370 1419 461 1492; x_wconf 80' lang='lat' dir='ltr'><strong>n&#39;erit</strong></span> <span class='ocrx_word' id='word_1_75' title='bbox 490 1418 647 1514; x_wconf 87' lang='lat' dir='ltr'><strong>toujours</strong></span> <span class='ocrx_word' id='word_1_76' title='bbox 672 1418 726 1490; x_wconf 72' lang='lat' dir='ltr'><strong>dte</strong></span> <span class='ocrx_word' id='word_1_77' title='bbox 750 1424 868 1492; x_wconf 78' lang='lat' dir='ltr'><strong>exerce</strong></span> <span class='ocrx_word' id='word_1_78' title='bbox 896 1436 930 1491; x_wconf 85' lang='lat' dir='ltr'><strong>et</strong></span> <span class='ocrx_word' id='word_1_79' title='bbox 955 1449 1107 1494; x_wconf 86' lang='lat' dir='ltr'><strong>reconnu</strong></span> 
     </span>
     <span class='ocr_line' id='line_1_10' title="bbox 63 1535 1030 1633; baseline 0.001 -25"><span class='ocrx_word' id='word_1_80' title='bbox 63 1561 182 1608; x_wconf 87' lang='lat' dir='ltr'><strong>comme</strong></span> <span class='ocrx_word' id='word_1_81' title='bbox 199 1538 329 1608; x_wconf 86' lang='lat' dir='ltr'><strong>certain</strong></span> <span class='ocrx_word' id='word_1_82' title='bbox 346 1562 389 1608; x_wconf 88' lang='lat' dir='ltr'><strong>en</strong></span> <span class='ocrx_word' id='word_1_83' title='bbox 405 1535 548 1631; x_wconf 78' lang='lat' dir='ltr'>Afrique</span> <span class='ocrx_word' id='word_1_84' title='bbox 561 1559 693 1608; x_wconf 87' lang='lat' dir='ltr'><strong>comme</strong></span> <span class='ocrx_word' id='word_1_85' title='bbox 712 1551 851 1633; x_wconf 87' lang='lat' dir='ltr'><strong>partout</strong></span> <span class='ocrx_word' id='word_1_86' title='bbox 868 1537 1030 1611; x_wconf 86' lang='lat' dir='ltr'><strong>ailleurs?</strong></span> 
     </span>
     <span class='ocr_line' id='line_1_11' title="bbox 101 1639 1104 1752; baseline 0.002 -27"><span class='ocrx_word' id='word_1_87' title='bbox 101 1655 221 1725; x_wconf 90' lang='lat' dir='ltr'><strong>Citons</strong></span> <span class='ocrx_word' id='word_1_88' title='bbox 240 1677 364 1724; x_wconf 80' lang='lat' dir='ltr'>encore</span> <span class='ocrx_word' id='word_1_89' title='bbox 386 1651 495 1726; x_wconf 89' lang='lat' dir='ltr'><strong>unde</strong></span> <span class='ocrx_word' id='word_1_90' title='bbox 516 1639 571 1723; x_wconf 78' lang='lat' dir='ltr'><strong>ces</strong></span> <span class='ocrx_word' id='word_1_91' title='bbox 589 1653 778 1726; x_wconf 87' lang='lat' dir='ltr'><strong>nombreux</strong></span> <span class='ocrx_word' id='word_1_92' title='bbox 805 1669 1022 1727; x_wconf 86' lang='lat' dir='ltr'><strong>monuments</strong></span> <span class='ocrx_word' id='word_1_93' title='bbox 1047 1659 1104 1752; x_wconf 89' lang='lat' dir='ltr'><strong>qui</strong></span> 
     </span>
     <span class='ocr_line' id='line_1_12' title="bbox 62 1766 1107 1868; baseline 0.007 -30"><span class='ocrx_word' id='word_1_94' title='bbox 62 1793 138 1842; x_wconf 89' lang='lat' dir='ltr'><strong>nous</strong></span> <span class='ocrx_word' id='word_1_95' title='bbox 168 1785 347 1842; x_wconf 88' lang='lat' dir='ltr'><strong>montrent</strong></span> <span class='ocrx_word' id='word_1_96' title='bbox 378 1767 409 1841; x_wconf 88' lang='lat' dir='ltr'><strong>le</strong></span> <span class='ocrx_word' id='word_1_97' title='bbox 437 1766 629 1866; x_wconf 73' lang='lat' dir='ltr'><strong>saint-siege</strong></span> <span class='ocrx_word' id='word_1_98' title='bbox 663 1795 698 1842; x_wconf 87' lang='lat' dir='ltr'><strong>se</strong></span> <span class='ocrx_word' id='word_1_99' title='bbox 727 1787 945 1868; x_wconf 88' lang='lat' dir='ltr'><strong>comportant</strong></span> <span class='ocrx_word' id='word_1_100' title='bbox 974 1798 1107 1845; x_wconf 82' lang='lat' dir='ltr'><strong>comme</strong></span> 
     </span>
     <span class='ocr_line' id='line_1_13' title="bbox 61 1883 1107 1984; baseline 0.006 -30"><span class='ocrx_word' id='word_1_101' title='bbox 61 1903 153 1982; x_wconf 89' lang='lat' dir='ltr'><strong>ayant</strong></span> <span class='ocrx_word' id='word_1_102' title='bbox 172 1887 265 1958; x_wconf 81' lang='lat' dir='ltr'><strong>droit</strong></span> <span class='ocrx_word' id='word_1_103' title='bbox 288 1886 331 1957; x_wconf 89' lang='lat' dir='ltr'><strong>de</strong></span> <span class='ocrx_word' id='word_1_104' title='bbox 354 1887 456 1984; x_wconf 82' lang='lat' dir='ltr'>juger</span> <span class='ocrx_word' id='word_1_105' title='bbox 480 1883 527 1956; x_wconf 89' lang='lat' dir='ltr'><strong>les</strong></span> <span class='ocrx_word' id='word_1_106' title='bbox 552 1885 745 1982; x_wconf 82' lang='lat' dir='ltr'><strong>jugements</strong></span> <span class='ocrx_word' id='word_1_107' title='bbox 766 1887 941 1983; x_wconf 86' lang='lat' dir='ltr'><strong>synodaux</strong></span> <span class='ocrx_word' id='word_1_108' title='bbox 963 1889 1004 1960; x_wconf 89' lang='lat' dir='ltr'><strong>de</strong></span> <span class='ocrx_word' id='word_1_109' title='bbox 1028 1905 1107 1962; x_wconf 90' lang='lat' dir='ltr'><strong>tous</strong></span> 
     </span>
     <span class='ocr_line' id='line_1_14' title="bbox 60 1998 1107 2100; baseline 0.007 -32"><span class='ocrx_word' id='word_1_110' title='bbox 60 1998 100 2072; x_wconf 85' lang='lat' dir='ltr'><strong>ies</strong></span> <span class='ocrx_word' id='word_1_111' title='bbox 118 2028 219 2100; x_wconf 85' lang='lat' dir='ltr'><strong>pays;</strong></span> <span class='ocrx_word' id='word_1_112' title='bbox 236 2017 270 2073; x_wconf 90' lang='lat' dir='ltr'><strong>et</strong></span> <span class='ocrx_word' id='word_1_113' title='bbox 287 2003 429 2098; x_wconf 90' lang='lat' dir='ltr'><strong>puisque</strong></span> <span class='ocrx_word' id='word_1_114' title='bbox 452 2002 565 2072; x_wconf 88' lang='lat' dir='ltr'><strong>Pierre</strong></span> <span class='ocrx_word' id='word_1_115' title='bbox 586 2001 629 2070; x_wconf 91' lang='lat' dir='ltr'><strong>de</strong></span> <span class='ocrx_word' id='word_1_116' title='bbox 652 2005 768 2072; x_wconf 77' lang='lat' dir='ltr'><strong>Marsa</strong></span> <span class='ocrx_word' id='word_1_117' title='bbox 787 2003 839 2072; x_wconf 87' lang='lat' dir='ltr'><strong>n’a</strong></span> <span class='ocrx_word' id='word_1_118' title='bbox 857 2027 916 2099; x_wconf 91' lang='lat' dir='ltr'><strong>pas</strong></span> <span class='ocrx_word' id='word_1_119' title='bbox 940 2029 983 2076; x_wconf 90' lang='lat' dir='ltr'><strong>eu</strong></span> <span class='ocrx_word' id='word_1_120' title='bbox 1002 2005 1107 2076; x_wconf 91' lang='lat' dir='ltr'><strong>honte</strong></span> 
     </span>
     <span class='ocr_line' id='line_1_15' title="bbox 60 2116 1105 2216; baseline 0.005 -29"><span class='ocrx_word' id='word_1_121' title='bbox 60 2117 94 2188; x_wconf 90' lang='lat' dir='ltr'><strong>de</strong></span> <span class='ocrx_word' id='word_1_122' title='bbox 115 2120 189 2190; x_wconf 92' lang='lat' dir='ltr'><strong>dire</strong></span> <span class='ocrx_word' id='word_1_123' title='bbox 219 2145 286 2215; x_wconf 92' lang='lat' dir='ltr'><strong>que</strong></span> <span class='ocrx_word' id='word_1_124' title='bbox 314 2117 345 2190; x_wconf 90' lang='lat' dir='ltr'><strong>le</strong></span> <span class='ocrx_word' id='word_1_125' title='bbox 370 2141 458 2214; x_wconf 90' lang='lat' dir='ltr'><strong>pape</strong></span> <span class='ocrx_word' id='word_1_126' title='bbox 482 2118 615 2187; x_wconf 90' lang='lat' dir='ltr'><strong>Zosime</strong></span> <span class='ocrx_word' id='word_1_127' title='bbox 643 2116 818 2189; x_wconf 86' lang='lat' dir='ltr'><strong>s’attribua</strong></span> <span class='ocrx_word' id='word_1_128' title='bbox 845 2119 875 2189; x_wconf 85' lang='lat' dir='ltr'><strong>ie</strong></span> <span class='ocrx_word' id='word_1_129' title='bbox 903 2122 1050 2216; x_wconf 79' lang='lat' dir='ltr'><strong>premier</strong></span> <span class='ocrx_word' id='word_1_130' title='bbox 1067 2147 1105 2192; x_wconf 90' lang='lat' dir='ltr'><strong>ce</strong></span> 
     </span>
     <span class='ocr_line' id='line_1_16' title="bbox 60 2231 1107 2330; baseline 0.006 -29"><span class='ocrx_word' id='word_1_131' title='bbox 60 2233 161 2323; x_wconf 86' lang='lat' dir='ltr'><strong>droit,</strong></span> <span class='ocrx_word' id='word_1_132' title='bbox 184 2259 287 2330; x_wconf 84' lang='lat' dir='ltr'><strong>parce</strong></span> <span class='ocrx_word' id='word_1_133' title='bbox 317 2258 385 2329; x_wconf 88' lang='lat' dir='ltr'><strong>que</strong></span> <span class='ocrx_word' id='word_1_134' title='bbox 413 2231 460 2302; x_wconf 86' lang='lat' dir='ltr'><strong>ies</strong></span> <span class='ocrx_word' id='word_1_135' title='bbox 487 2257 682 2328; x_wconf 87' lang='lat' dir='ltr'><strong>emperaurs</strong></span> <span class='ocrx_word' id='word_1_136' title='bbox 701 2235 866 2306; x_wconf 82' lang='lat' dir='ltr'><strong>Arcadius</strong></span> <span class='ocrx_word' id='word_1_137' title='bbox 883 2252 916 2306; x_wconf 87' lang='lat' dir='ltr'><strong>et</strong></span> <span class='ocrx_word' id='word_1_138' title='bbox 934 2237 1107 2307; x_wconf 90' lang='lat' dir='ltr'><strong>Honorius</strong></span> 
     </span>
     <span class='ocr_line' id='line_1_17' title="bbox 60 2348 1106 2456; baseline 0.002 -36"><span class='ocrx_word' id='word_1_139' title='bbox 60 2353 210 2422; x_wconf 87' lang='lat' dir='ltr'><strong>venaient</strong></span> <span class='ocrx_word' id='word_1_140' title='bbox 232 2350 275 2420; x_wconf 87' lang='lat' dir='ltr'><strong>de</strong></span> <span class='ocrx_word' id='word_1_141' title='bbox 294 2375 460 2420; x_wconf 86' lang='lat' dir='ltr'><strong>renonoer</strong></span> <span class='ocrx_word' id='word_1_142' title='bbox 472 2350 490 2420; x_wconf 71' lang='lat' dir='ltr'><strong>a</strong></span> <span class='ocrx_word' id='word_1_143' title='bbox 502 2348 576 2418; x_wconf 89' lang='lat' dir='ltr'><strong>leur</strong></span> <span class='ocrx_word' id='word_1_144' title='bbox 598 2350 686 2420; x_wconf 92' lang='lat' dir='ltr'><strong>droit</strong></span> <span class='ocrx_word' id='word_1_145' title='bbox 692 2349 897 2456; x_wconf 60' lang='lat' dir='ltr'><strong>pi’accorder</strong></span> <span class='ocrx_word' id='word_1_146' title='bbox 910 2351 957 2422; x_wconf 86' lang='lat' dir='ltr'><strong>les</strong></span> <span class='ocrx_word' id='word_1_147' title='bbox 973 2356 1106 2423; x_wconf 85' lang='lat' dir='ltr'><strong>rescrits</strong></span> 
     </span>
     <span class='ocr_line' id='line_1_18' title="bbox 59 2464 1104 2562; baseline 0 -24"><span class='ocrx_word' id='word_1_148' title='bbox 59 2493 94 2538; x_wconf 89' lang='lat' dir='ltr'><strong>en</strong></span> <span class='ocrx_word' id='word_1_149' title='bbox 110 2481 206 2538; x_wconf 90' lang='lat' dir='ltr'><strong>vertu</strong></span> <span class='ocrx_word' id='word_1_150' title='bbox 225 2464 378 2562; x_wconf 83' lang='lat' dir='ltr'><strong>desquels</strong></span> <span class='ocrx_word' id='word_1_151' title='bbox 395 2464 444 2536; x_wconf 85' lang='lat' dir='ltr'><strong>ies</strong></span> <span class='ocrx_word' id='word_1_152' title='bbox 458 2489 572 2535; x_wconf 84' lang='lat' dir='ltr'><strong>causes</strong></span> <span class='ocrx_word' id='word_1_153' title='bbox 586 2465 645 2536; x_wconf 90' lang='lat' dir='ltr'><strong>des</strong></span> <span class='ocrx_word' id='word_1_154' title='bbox 661 2465 804 2562; x_wconf 74' lang='lat' dir='ltr'><strong>dvdques</strong></span> <span class='ocrx_word' id='word_1_155' title='bbox 817 2466 944 2538; x_wconf 70' lang='lat' dir='ltr'><strong>etaient</strong></span> <span class='ocrx_word' id='word_1_156' title='bbox 962 2470 1104 2538; x_wconf 78' lang='lat' dir='ltr'><strong>revisdes</strong></span> 
     </span>
     <span class='ocr_line' id='line_1_19' title="bbox 58 2581 1104 2679; baseline 0.001 -27"><span class='ocrx_word' id='word_1_157' title='bbox 58 2583 137 2655; x_wconf 89' lang='lat' dir='ltr'><strong>dans</strong></span> <span class='ocrx_word' id='word_1_158' title='bbox 156 2584 199 2654; x_wconf 90' lang='lat' dir='ltr'><strong>de</strong></span> <span class='ocrx_word' id='word_1_159' title='bbox 215 2582 290 2679; x_wconf 88' lang='lat' dir='ltr'><strong>plus</strong></span> <span class='ocrx_word' id='word_1_160' title='bbox 307 2583 432 2679; x_wconf 83' lang='lat' dir='ltr'><strong>grands</strong></span> <span class='ocrx_word' id='word_1_161' title='bbox 451 2581 617 2672; x_wconf 77' lang='lat' dir='ltr'><strong>tonsiles,</strong></span> <span class='ocrx_word' id='word_1_162' title='bbox 639 2584 803 2652; x_wconf 77' lang='lat' dir='ltr'><strong>deontons</strong></span> <span class='ocrx_word' id='word_1_163' title='bbox 823 2582 853 2654; x_wconf 83' lang='lat' dir='ltr'><strong>ie</strong></span> <span class='ocrx_word' id='word_1_164' title='bbox 874 2609 960 2679; x_wconf 87' lang='lat' dir='ltr'><strong>pape</strong></span> <span class='ocrx_word' id='word_1_165' title='bbox 972 2587 1104 2656; x_wconf 86' lang='lat' dir='ltr'><strong>Zosirne</strong></span> 
     </span>
     <span class='ocr_line' id='line_1_20' title="bbox 60 2697 1103 2798; baseline 0.006 -32"><span class='ocrx_word' id='word_1_166' title='bbox 60 2697 229 2771; x_wconf 75' lang='lat' dir='ltr'><strong>lui-mdme</strong></span> <span class='ocrx_word' id='word_1_167' title='bbox 247 2701 398 2770; x_wconf 74' lang='lat' dir='ltr'><strong>derivant</strong></span> <span class='ocrx_word' id='word_1_168' title='bbox 416 2723 483 2769; x_wconf 81' lang='lat' dir='ltr'><strong>aux</strong></span> <span class='ocrx_word' id='word_1_169' title='bbox 503 2699 647 2795; x_wconf 74' lang='lat' dir='ltr'><strong>evdques</strong></span> <span class='ocrx_word' id='word_1_170' title='bbox 670 2697 859 2794; x_wconf 84' lang='lat' dir='ltr'><strong>d’Afrique,</strong></span> <span class='ocrx_word' id='word_1_171' title='bbox 884 2725 927 2770; x_wconf 88' lang='lat' dir='ltr'><strong>au</strong></span> <span class='ocrx_word' id='word_1_172' title='bbox 950 2701 1041 2798; x_wconf 88' lang='lat' dir='ltr'><strong>sujet</strong></span> <span class='ocrx_word' id='word_1_173' title='bbox 1061 2701 1103 2771; x_wconf 91' lang='lat' dir='ltr'><strong>de</strong></span> 
     </span>
     <span class='ocr_line' id='line_1_21' title="bbox 57 2813 437 2914; baseline 0.005 -30"><span class='ocrx_word' id='word_1_174' title='bbox 57 2813 173 2914; x_wconf 85' lang='lat' dir='ltr'><strong>l’appei</strong></span> <span class='ocrx_word' id='word_1_175' title='bbox 191 2817 232 2888; x_wconf 89' lang='lat' dir='ltr'><strong>de</strong></span> <span class='ocrx_word' id='word_1_176' title='bbox 248 2815 413 2888; x_wconf 74' lang='lat' dir='ltr'><strong>Celestius</strong></span> <span class='ocrx_word' id='word_1_177' title='bbox 429 2842 437 2886; x_wconf 90' lang='lat'>:</span> 
     </span>
     <span class='ocr_line' id='line_1_22' title="bbox 18 2931 1203 3026; baseline 0.003 -27"><span class='ocrx_word' id='word_1_178' title='bbox 18 3014 22 3022; x_wconf 63' lang='lat'>„</span> <span class='ocrx_word' id='word_1_179' title='bbox 96 2934 299 3026; x_wconf 75' lang='lat' dir='ltr'><strong>«Quamvis</strong></span> <span class='ocrx_word' id='word_1_180' title='bbox 323 2935 465 3002; x_wconf 79' lang='lat' dir='ltr'><strong>Petrum</strong></span> <span class='ocrx_word' id='word_1_181' title='bbox 484 2931 624 3001; x_wconf 89' lang='lat' dir='ltr'><strong>traditio</strong></span> <span class='ocrx_word' id='word_1_182' title='bbox 647 2931 839 3026; x_wconf 72' lang='lat' dir='ltr'><strong>apostolica</strong></span> <span class='ocrx_word' id='word_1_183' title='bbox 860 2931 930 3002; x_wconf 87' lang='lat' dir='ltr'><strong>sedi</strong></span> <span class='ocrx_word' id='word_1_184' title='bbox 954 2933 1103 3002; x_wconf 86' lang='lat' dir='ltr'><strong>auctori·</strong></span> <span class='ocrx_word' id='word_1_185' title='bbox 1196 3013 1203 3026; x_wconf 43' lang='lat'><strong>·</strong></span> 
     </span>
     <span class='ocr_line' id='line_1_23' title="bbox 56 3045 1104 3146; baseline 0 -28"><span class='ocrx_word' id='word_1_186' title='bbox 56 3065 153 3120; x_wconf 88' lang='lat' dir='ltr'><strong>tatem</strong></span> <span class='ocrx_word' id='word_1_187' title='bbox 178 3064 307 3119; x_wconf 91' lang='lat' dir='ltr'><strong>tantam</strong></span> <span class='ocrx_word' id='word_1_188' title='bbox 330 3045 511 3134; x_wconf 90' lang='lat' dir='ltr'><strong>tribuerit,</strong></span> <span class='ocrx_word' id='word_1_189' title='bbox 539 3061 577 3118; x_wconf 93' lang='lat' dir='ltr'><strong>ut</strong></span> <span class='ocrx_word' id='word_1_190' title='bbox 606 3047 648 3117; x_wconf 88' lang='lat' dir='ltr'><strong>de</strong></span> <span class='ocrx_word' id='word_1_191' title='bbox 670 3048 743 3144; x_wconf 85' lang='lat' dir='ltr'><strong>ejus</strong></span> <span class='ocrx_word' id='word_1_192' title='bbox 766 3048 896 3143; x_wconf 89' lang='lat' dir='ltr'><strong>judicio</strong></span> <span class='ocrx_word' id='word_1_193' title='bbox 914 3049 1104 3146; x_wconf 89' lang='lat' dir='ltr'><strong>disceptare</strong></span> 
     </span>
     <span class='ocr_line' id='line_1_24' title="bbox 55 3163 1104 3263; baseline 0.002 -31"><span class='ocrx_word' id='word_1_194' title='bbox 55 3165 164 3236; x_wconf 86' lang='lat' dir='ltr'><strong>nuilus</strong></span> <span class='ocrx_word' id='word_1_195' title='bbox 183 3164 335 3254; x_wconf 81' lang='lat' dir='ltr'><strong>auderet,</strong></span> <span class='ocrx_word' id='word_1_196' title='bbox 357 3163 461 3258; x_wconf 88' lang='lat' dir='ltr'><strong>idque</strong></span> <span class='ocrx_word' id='word_1_197' title='bbox 482 3189 544 3258; x_wconf 84' lang='lat' dir='ltr'><strong>per</strong></span> <span class='ocrx_word' id='word_1_198' title='bbox 570 3188 718 3235; x_wconf 85' lang='lat' dir='ltr'><strong>canones</strong></span> <span class='ocrx_word' id='word_1_199' title='bbox 745 3190 877 3263; x_wconf 88' lang='lat' dir='ltr'><strong>semper</strong></span> <span class='ocrx_word' id='word_1_200' title='bbox 903 3164 1104 3263; x_wconf 84' lang='lat' dir='ltr'><strong>regulasque</strong></span> 
     </span>
     <span class='ocr_line' id='line_1_25' title="bbox 55 3279 1104 3378; baseline 0 -28"><span class='ocrx_word' id='word_1_201' title='bbox 55 3283 232 3354; x_wconf 81' lang='lat' dir='ltr'><strong>servaverit</strong></span> <span class='ocrx_word' id='word_1_202' title='bbox 236 3334 311 3351; x_wconf 91' lang='grc'><strong>......</strong></span> <span class='ocrx_word' id='word_1_203' title='bbox 324 3285 467 3351; x_wconf 87' lang='lat' dir='ltr'><strong>Tantam</strong></span> <span class='ocrx_word' id='word_1_204' title='bbox 482 3281 571 3349; x_wconf 91' lang='lat' dir='ltr'><strong>enim</strong></span> <span class='ocrx_word' id='word_1_205' title='bbox 592 3279 673 3350; x_wconf 87' lang='lat' dir='ltr'><strong>huic</strong></span> <span class='ocrx_word' id='word_1_206' title='bbox 687 3281 841 3378; x_wconf 89' lang='lat' dir='ltr'><strong>apostolo</strong></span> <span class='ocrx_word' id='word_1_207' title='bbox 861 3282 964 3378; x_wconf 86' lang='lat' dir='ltr'><strong>(saint</strong></span> <span class='ocrx_word' id='word_1_208' title='bbox 978 3279 1104 3376; x_wconf 91' lang='lat' dir='ltr'><strong>Pierre)</strong></span> 
     </span>
     <span class='ocr_line' id='line_1_26' title="bbox 54 3397 1104 3494; baseline 0.001 -27"><span class='ocrx_word' id='word_1_209' title='bbox 54 3401 213 3470; x_wconf 89' lang='lat' dir='ltr'><strong>canonica</strong></span> <span class='ocrx_word' id='word_1_210' title='bbox 237 3397 420 3493; x_wconf 78' lang='lat' dir='ltr'><strong>antiquitas</strong></span> <span class='ocrx_word' id='word_1_211' title='bbox 442 3423 501 3494; x_wconf 83' lang='lat' dir='ltr'><strong>per</strong></span> <span class='ocrx_word' id='word_1_212' title='bbox 528 3399 711 3468; x_wconf 87' lang='lat' dir='ltr'><strong>sententias</strong></span> <span class='ocrx_word' id='word_1_213' title='bbox 733 3399 885 3470; x_wconf 89' lang='lat' dir='ltr'><strong>omnium</strong></span> <span class='ocrx_word' id='word_1_214' title='bbox 906 3399 1015 3469; x_wconf 83' lang='lat' dir='ltr'><strong>voluit</strong></span> <span class='ocrx_word' id='word_1_215' title='bbox 1033 3423 1104 3469; x_wconf 84' lang='lat' dir='ltr'><strong>esse</strong></span> 
     </span>
     <span class='ocr_line' id='line_1_27' title="bbox 55 3513 1103 3613; baseline -0.002 -27"><span class='ocrx_word' id='word_1_216' title='bbox 55 3518 249 3610; x_wconf 84' lang='lat' dir='ltr'><strong>potentiam,</strong></span> <span class='ocrx_word' id='word_1_217' title='bbox 259 3541 300 3584; x_wconf 83' lang='lat' dir='ltr'><strong>ex</strong></span> <span class='ocrx_word' id='word_1_218' title='bbox 311 3517 383 3613; x_wconf 89' lang='lat' dir='ltr'><strong>ipsa</strong></span> <span class='ocrx_word' id='word_1_219' title='bbox 391 3539 528 3610; x_wconf 90' lang='lat' dir='ltr'><strong>quoque</strong></span> <span class='ocrx_word' id='word_1_220' title='bbox 541 3513 668 3584; x_wconf 86' lang='lat' dir='ltr'><strong>Christi</strong></span> <span class='ocrx_word' id='word_1_221' title='bbox 677 3517 739 3586; x_wconf 87' lang='lat' dir='ltr'><strong>Dei</strong></span> <span class='ocrx_word' id='word_1_222' title='bbox 750 3517 857 3586; x_wconf 88' lang='lat' dir='ltr'><strong>nostri</strong></span> <span class='ocrx_word' id='word_1_223' title='bbox 866 3516 1103 3612; x_wconf 89' lang='lat' dir='ltr'><strong>promissione,</strong></span> 
     </span>
     <span class='ocr_line' id='line_1_28' title="bbox 54 3628 1102 3728; baseline -0.006 -25"><span class='ocrx_word' id='word_1_224' title='bbox 54 3647 89 3702; x_wconf 91' lang='lat' dir='ltr'><strong>ut</strong></span> <span class='ocrx_word' id='word_1_225' title='bbox 107 3648 141 3703; x_wconf 89' lang='lat' dir='ltr'><strong>et</strong></span> <span class='ocrx_word' id='word_1_226' title='bbox 157 3632 262 3728; x_wconf 84' lang='lat' dir='ltr'><strong>ligata</strong></span> <span class='ocrx_word' id='word_1_227' title='bbox 282 3629 430 3701; x_wconf 83' lang='lat' dir='ltr'><strong>solveret</strong></span> <span class='ocrx_word' id='word_1_228' title='bbox 455 3643 488 3700; x_wconf 90' lang='lat' dir='ltr'><strong>et</strong></span> <span class='ocrx_word' id='word_1_229' title='bbox 508 3628 618 3700; x_wconf 84' lang='lat' dir='ltr'><strong>soluta</strong></span> <span class='ocrx_word' id='word_1_230' title='bbox 644 3631 786 3702; x_wconf 85' lang='lat' dir='ltr'><strong>vincire&#39;t</strong></span> <span class='ocrx_word' id='word_1_231' title='bbox 789 3684 860 3702; x_wconf 92' lang='grc'><strong>......</strong></span> <span class='ocrx_word' id='word_1_232' title='bbox 880 3631 991 3700; x_wconf 90' lang='lat' dir='ltr'><strong>Habet</strong></span> <span class='ocrx_word' id='word_1_233' title='bbox 1013 3631 1102 3699; x_wconf 85' lang='lat' dir='ltr'><strong>enim</strong></span> 
     </span>
     <span class='ocr_line' id='line_1_29' title="bbox 52 3745 1104 3846; baseline -0.001 -31"><span class='ocrx_word' id='word_1_234' title='bbox 52 3748 121 3843; x_wconf 91' lang='lat' dir='ltr'><strong>ipse</strong></span> <span class='ocrx_word' id='word_1_235' title='bbox 137 3747 243 3846; x_wconf 87' lang='lat' dir='ltr'><strong>(saint</strong></span> <span class='ocrx_word' id='word_1_236' title='bbox 256 3745 399 3843; x_wconf 78' lang='lat' dir='ltr'><strong>Pierre),</strong></span> <span class='ocrx_word' id='word_1_237' title='bbox 412 3771 489 3816; x_wconf 90' lang='lat' dir='ltr'><strong>cum</strong></span> <span class='ocrx_word' id='word_1_238' title='bbox 503 3747 654 3816; x_wconf 91' lang='lat' dir='ltr'><strong>omnium</strong></span> <span class='ocrx_word' id='word_1_239' title='bbox 669 3745 899 3837; x_wconf 84' lang='lat' dir='ltr'><strong>ecelesiarum,</strong></span> <span class='ocrx_word' id='word_1_240' title='bbox 914 3761 985 3815; x_wconf 89' lang='lat' dir='ltr'><strong>tum</strong></span> <span class='ocrx_word' id='word_1_241' title='bbox 1002 3745 1104 3840; x_wconf 84' lang='lat' dir='ltr'><strong>hujus</strong></span> 
     </span>
     <span class='ocr_line' id='line_1_30' title="bbox 52 3862 1103 3958; baseline -0.004 -25"><span class='ocrx_word' id='word_1_242' title='bbox 52 3866 197 3935; x_wconf 84' lang='lat' dir='ltr'><strong>maxime</strong></span> <span class='ocrx_word' id='word_1_243' title='bbox 218 3864 278 3934; x_wconf 91' lang='lat' dir='ltr'><strong>ubi</strong></span> <span class='ocrx_word' id='word_1_244' title='bbox 304 3862 434 3933; x_wconf 84' lang='lat' dir='ltr'><strong>sederat</strong></span> <span class='ocrx_word' id='word_1_245' title='bbox 454 3887 589 3952; x_wconf 78' lang='lat' dir='ltr'><strong>ouram3</strong></span> <span class='ocrx_word' id='word_1_246' title='bbox 610 3887 671 3932; x_wconf 86' lang='lat' dir='ltr'><strong>nec</strong></span> <span class='ocrx_word' id='word_1_247' title='bbox 696 3864 825 3958; x_wconf 87' lang='lat' dir='ltr'><strong>patitur</strong></span> <span class='ocrx_word' id='word_1_248' title='bbox 847 3862 976 3957; x_wconf 86' lang='lat' dir='ltr'><strong>aliquid</strong></span> <span class='ocrx_word' id='word_1_249' title='bbox 997 3863 1103 3957; x_wconf 87' lang='lat' dir='ltr'><strong>privi-</strong></span> 
     </span>
     <span class='ocr_line' id='line_1_31' title="bbox 52 3975 1104 4075; baseline -0.002 -28"><span class='ocrx_word' id='word_1_250' title='bbox 52 3975 128 4074; x_wconf 82' lang='lat' dir='ltr'><strong>legii</strong></span> <span class='ocrx_word' id='word_1_251' title='bbox 153 3995 213 4051; x_wconf 91' lang='lat' dir='ltr'><strong>aut</strong></span> <span class='ocrx_word' id='word_1_252' title='bbox 243 3977 358 4075; x_wconf 84' lang='lat' dir='ltr'><strong>aliqua</strong></span> <span class='ocrx_word' id='word_1_253' title='bbox 384 3979 531 4049; x_wconf 91' lang='lat' dir='ltr'><strong>titubare</strong></span> <span class='ocrx_word' id='word_1_254' title='bbox 557 4001 639 4048; x_wconf 87' lang='lat' dir='ltr'><strong>aura</strong></span> <span class='ocrx_word' id='word_1_255' title='bbox 665 3980 848 4066; x_wconf 76' lang='lat' dir='ltr'><strong>sententiae,</strong></span> <span class='ocrx_word' id='word_1_256' title='bbox 869 3979 923 4050; x_wconf 91' lang='lat' dir='ltr'><strong>cui</strong></span> <span class='ocrx_word' id='word_1_257' title='bbox 953 3982 1023 4074; x_wconf 92' lang='lat' dir='ltr'><strong>ipsa</strong></span> <span class='ocrx_word' id='word_1_258' title='bbox 1053 3979 1104 4048; x_wconf 90' lang='lat' dir='ltr'><strong>sui</strong></span> 
     </span>
     <span class='ocr_line' id='line_1_32' title="bbox 53 4092 1107 4166; baseline 0 -2"><span class='ocrx_word' id='word_1_259' title='bbox 53 4097 198 4165; x_wconf 91' lang='lat' dir='ltr'><strong>nominis</strong></span> <span class='ocrx_word' id='word_1_260' title='bbox 215 4095 314 4166; x_wconf 88' lang='lat' dir='ltr'><strong>firma</strong></span> <span class='ocrx_word' id='word_1_261' title='bbox 332 4108 367 4164; x_wconf 84' lang='lat' dir='ltr'><strong>et</strong></span> <span class='ocrx_word' id='word_1_262' title='bbox 382 4092 484 4163; x_wconf 84' lang='lat' dir='ltr'><strong>nullis</strong></span> <span class='ocrx_word' id='word_1_263' title='bbox 497 4093 657 4164; x_wconf 88' lang='lat' dir='ltr'><strong>hebetata</strong></span> <span class='ocrx_word' id='word_1_264' title='bbox 677 4093 831 4166; x_wconf 87' lang='lat' dir='ltr'><strong>motibus</strong></span> <span class='ocrx_word' id='word_1_265' title='bbox 842 4095 1021 4166; x_wconf 91' lang='lat' dir='ltr'><strong>constituit</strong></span> <span class='ocrx_word' id='word_1_266' title='bbox 1034 4095 1107 4164; x_wconf 89' lang='lat' dir='ltr'><strong>fun·</strong></span> 
     </span>
    </p>
   </div>
   <div class='ocr_carea' id='block_1_3' title="bbox 52 4207 1104 4388">
    <p class='ocr_par' dir='ltr' id='par_1_3' title="bbox 52 4207 1104 4388">
     <span class='ocr_line' id='line_1_33' title="bbox 52 4207 1104 4307; baseline 0 -27"><span class='ocrx_word' id='word_1_267' title='bbox 52 4211 221 4298; x_wconf 85' lang='lat' dir='ltr'><strong>damenta‚</strong></span> <span class='ocrx_word' id='word_1_268' title='bbox 237 4227 271 4282; x_wconf 88' lang='lat' dir='ltr'><strong>et</strong></span> <span class='ocrx_word' id='word_1_269' title='bbox 283 4233 358 4307; x_wconf 76' lang='lat' dir='ltr'><strong>quae</strong></span> <span class='ocrx_word' id='word_1_270' title='bbox 372 4211 445 4280; x_wconf 89' lang='lat' dir='ltr'><strong>sine</strong></span> <span class='ocrx_word' id='word_1_271' title='bbox 462 4231 523 4280; x_wconf 86' lang='lat' dir='ltr'><strong>suo</strong></span> <span class='ocrx_word' id='word_1_272' title='bbox 541 4208 693 4306; x_wconf 82' lang='lat' dir='ltr'><strong>periculo</strong></span> <span class='ocrx_word' id='word_1_273' title='bbox 712 4207 827 4284; x_wconf 82' lang='lat' dir='ltr'><strong>nuilus</strong></span> <span class='ocrx_word' id='word_1_274' title='bbox 847 4213 1011 4283; x_wconf 86' lang='lat' dir='ltr'><strong>incessat:</strong></span> <span class='ocrx_word' id='word_1_275' title='bbox 1026 4235 1104 4282; x_wconf 86' lang='lat' dir='ltr'><strong>oum</strong></span> 
     </span>
     <span class='ocr_line' id='line_1_34' title="bbox 907 4336 943 4388; baseline 0.056 -2"><span class='ocrx_word' id='word_1_276' title='bbox 907 4336 943 4388; x_wconf 75' lang='lat'><strong>28</strong></span> 
     </span>
    </p>
   </div>
   <div class='ocr_carea' id='block_1_4' title="bbox 0 0 1408 5026">
    <p class='ocr_par' dir='ltr' id='par_1_4' title="bbox 0 0 1408 5026">
     <span class='ocr_line' id='line_1_35' title="bbox 0 0 1408 5026; baseline 0 4"><span class='ocrx_word' id='word_1_277' title='bbox 0 0 1408 5026; x_wconf 95' lang='lat' dir='ltr'><strong> </strong></span> 
     </span>
    </p>
   </div>
  </div>
 </body>
</html>
