2910 5038
340 467 409 546 522
677 479 888 560 Qusnntnun
914 495 1053 545 nunus.

341 625 557 696 conscientiae
581 626 704 698 irretiri
723 641 875 722 possunt.
896 655 913 692 u
938 626 1000 714 (in
1024 648 1036 694 1
1061 649 1095 718 p.
1123 618 1144 694 5
1167 618 1189 692 Ι.
1208 617 1359 694 denudo

339 745 474 828 Aecus,
493 765 523 809 c.
543 741 641 812 Sicut
662 740 761 831 olem,
780 767 815 812 n.
833 765 877 838 77
898 756 931 810 et
950 739 1028 833 82.)
1085 785 1089 790 -

390 862 467 929 Une
496 858 643 926 nunriis
664 855 739 953 pius
766 881 868 951 grave
893 881 958 949 que
986 852 1069 923 celle
1092 853 1150 922 des
1168 849 1362 947 the‘oiogiens

307 974 313 981 ’
338 971 418 1052 c’est
442 972 472 1044 ia
494 973 641 1044 diuisiou
661 971 815 1044 formeiis
834 972 875 1042 dn
898 970 928 1042 la
950 968 1195 1066 congrigntiou
1220 967 1262 1036 du
1282 967 1361 1036 saint·
1400 1015 1402 1022 -

337 1087 453 1176 oiisce,
473 1103 506 1158 et
525 1085 606 1158 celle
624 1087 825 1159 d'Inuocent
841 1090 890 1158 IV
909 1087 969 1180 qui
994 1086 1054 1156 fuit
1072 1085 1180 1179 pantio
1195 1083 1241 1154 du
1257 1086 1363 1178 Corpus

328 1200 434 1298 jures.
461 1205 525 1276 Les
544 1201 729 1274 cautiuaux
748 1202 795 1271 du
817 1201 1024 1274 saint-office
1044 1199 1259 1296 s'expriment
1275 1196 1362 1268 ainsi:

341 1345 357 1380 α
381 1316 431 1390 Ad
460 1317 572 1388 sedem
590 1316 809 1412 apostolicam
833 1317 1008 1388 dumtaxat
1031 1319 1181 1412 pertinet
1196 1329 1363 1384 controver-

336 1433 401 1502 sias
418 1431 496 1512 fidei
513 1447 547 1502 et
572 1458 708 1505 morum
728 1431 928 1510 universalis
946 1430 1105 1504 Ecclesia
1122 1430 1273 1503 definire.
1292 1457 1307 1494 u
1324 1429 1364 1496 On

334 1564 419 1644 pent
446 1550 521 1620 vuit·
548 1563 636 1622 cette
666 1547 814 1618 docision
843 1545 927 1618 cite'e
951 1563 984 1618 et
1005 1545 1174 1620 difeudus
1203 1559 1312 1618 contre
1332 1541 1364 1610 ies

336 1681 491 1761 attaques
505 1666 672 1739 insensies
684 1665 725 1734 de
737 1668 881 1762 Launoy
894 1664 976 1736 dans
994 1663 1025 1734 ie
1038 1661 1071 1734 5⁸
1082 1669 1284 1761 tomoipnge
1297 1657 1366 1752 iio)

337 1783 379 1852 du
397 1783 461 1854 Ch.
480 1781 583 1852 Wotf.

384 1901 433 1971 Lu
455 1896 554 1974 lettre
577 1894 777 1968 d'lunooent
791 1899 839 1974 IV
866 1897 886 1968 it
915 1895 1147 1992 i’urchevtque
1177 1894 1312 1982 d'Anies,
1333 1888 1364 1960 te

341 2011 451 2102 1250,
471 2012 617 2090 tbrmaut
642 2011 672 2082 le
688 2011 834 2107 cupituie
857 2012 1028 2110 Mujures,
1053 2011 1097 2084 de
1119 2015 1315 2111 Baptisuw,
1330 2019 1365 2076 ut

299 2180 302 2184 ,
336 2130 422 2200 citis
439 2130 524 2203 niusi
543 2129 627 2200 tinus
648 2128 678 2201 le
697 2129 961 2228 Corpusjurts:

388 2274 406 2310 α
424 2246 571 2339 Majores
591 2243 748 2318 Ecclesiae
771 2269 901 2335 causas,
918 2248 1103 2342 prasertim
1126 2245 1286 2317 articulos
1306 2238 1365 2312 fidei

334 2362 591 2458 contingentes,
615 2362 659 2434 ad
681 2362 771 2436 Petri
794 2353 906 2432 sidem
933 2361 1124 2443 referendas
1150 2360 1302 2456 inteiligit
1322 2352 1365 2448 qui

335 2501 412 2546 enm
429 2475 540 2573 (saint
568 2477 718 2575 Pisone),
743 2478 908 2574 qnaenenti
934 2481 1086 2548 Domino
1110 2503 1211 2573 quem
1235 2467 1365 2567 discipuli

334 2594 485 2670 dicerent
501 2597 509 2664 i
513 2621 611 2690 psusn
626 2621 713 2685 esse,
726 2594 936 2692 respondisse
951 2596 1100 2685 notabit,
1114 2600 1167 2669 Tu
1181 2621 1220 2666 es
1231 2591 1365 2666 Christus

322 2713 432 2802 filius
455 2714 526 2784 Dei
544 2714 637 2798 vt'vt',
664 2727 699 2782 et
720 2738 783 2807 pto
800 2737 840 2782 eo
860 2713 1047 2788 Dominum
1072 2737 1228 2786 exorasse
1246 2734 1285 2780 ne
1301 2703 1363 2776 det-

334 2831 401 2900 ciat
419 2830 502 2902 fides
515 2831 600 2924 ejus.
625 2860 641 2897 u

382 2949 496 3018 Avsnt
515 2947 558 3018 de
580 2945 671 3019 close
687 2959 775 3020 cette
792 2945 991 3034 discussion,
1002 2944 1031 3018 il
1049 2971 1091 3015 ne
1106 2971 1180 3016 seru
1196 2969 1255 3042 pus
1268 2933 1365 3012 inutile

332 3063 374 3132 de
397 3062 522 3132 re'fnter
539 3063 626 3133 deux
645 3063 845 3157 objections.
871 3062 977 3132 L'une
992 3079 1042 3132 est
1066 3062 1114 3132 dn
1130 3063 1301 3134 canonistt
1318 3054 1364 3124 Gi-

332 3179 424 3263 bert,
444 3180 503 3272 qui
522 3177 695 3273 §exprime
716 3180 802 3250 ainsi
817 3177 863 3274 (t.
880 3183 910 3265 t,
927 3205 960 3272 p.
978 3177 1067 3274 64):

382 3325 399 3360 α
413 3296 536 3366 Divers
549 3321 677 3366 canons
693 3294 860 3366 semblent
877 3295 1053 3391 enseiguet·
1070 3319 1136 3391 que
1153 3293 1203 3367 les
1216 3290 1363 3390 questions

333 3411 405 3480 «de
429 3410 460 3482 in
483 3411 528 3481 soi
553 3427 703 3509 penvent
720 3415 791 3482 &tre
814 3411 967 3486 dscidtes
984 3437 1026 3484 en
1050 3414 1219 3509 premitus
1237 3413 1363 3486 instanoe

332 3557 351 3593 u
365 3555 425 3623 pan
450 3528 497 3600 ies
522 3527 668 3599 conciies
686 3527 918 3623 particuiiers3
942 3527 1023 3602 c’est
1049 3553 1087 3601 ue
1105 3553 1173 3622 que
1192 3517 1363 3601 donueut

234 3663 240 3679 ·
331 3674 348 3710 u
364 3645 523 3720 concture
539 3654 635 3714 entre
647 3657 759 3715 autres
774 3644 821 3715 les
834 3671 961 3718 canons
978 3643 1012 3736 5,
1034 3669 1090 3732 tn,
1111 3645 1166 3733 13,
1182 3649 1224 3730 14
1240 3638 1321 3712 et16
1334 3635 1363 3705 de

332 3791 350 3826 α
365 3759 396 3830 la
418 3760 480 3833 30⁶
496 3762 714 3849 distinction,
734 3787 795 3856 pan
816 3761 957 3857 iesqneis
977 3760 1009 3832 ie
1022 3761 1150 3836 concile
1169 3749 1363 3832 demutari

330 3877 602 3975 u(Gnngnens'e)
629 3878 821 3950 condamus
845 3877 1009 3974 quelques
1031 3903 1165 3950 erreurs
1190 3878 1247 3950 des
1270 3867 1361 3947 Mani·

328 4007 349 4060 'u
362 3992 495 4065 chiens.
513 4024 530 4059 »
548 3995 647 4064 Vuici
667 4019 722 4064 ces
746 4019 894 4064 canons:

382 4113 446 4183 «Si
464 4115 539 4207 quis
557 4109 610 4180 vei
628 4111 855 4206 virginitatem
871 4109 922 4182 vei
938 4110 1183 4183 continentiam
1200 4103 1361 4204 protessus,
