2806 5024
472 1053 473 1056 ψ
545 969 875 1108 onnnnnnn
908 969 1113 1060 xnvn.

310 1289 354 1346 Dc
366 1289 396 1342 la
402 1288 560 1364 priseance
572 1298 652 1358 entre·
663 1303 702 1346 un
712 1287 845 1348 cardinal
853 1284 1021 1363 roffmgont
1028 1298 1057 1348 et
1069 1288 1111 1348 tes
1121 1295 1214 1348 annm
1221 1281 1326 1355 erdqnen

745 1565 909 1592 ...κου-

350 1944 377 2015 ll
403 1959 487 2042 peut
514 1945 642 2014 arriver
669 1943 777 2040 qu’un
806 1945 863 2038 des
882 1945 1087 2050 suffragants
1111 1945 1177 2022 soit
1202 1936 1329 2036 cardinal

303 2086 379 2130 sans
401 2063 472 2130 etr-e
493 2085 535 2130 en
558 2062 666 2130 menne
682 2077 792 2156 temps
810 2059 841 2130 le
867 2057 943 2156 plus
970 2060 1091 2130 ancien
1114 2086 1175 2157 par
1192 2050 1328 2128 l’ordin‘a·

303 2175 388 2245 tion.
405 2172 492 2265 Quel
508 2199 591 2270 rang
602 2174 713 2244 doit-il
728 2199 873 2271 occuper
886 2175 969 2244 dans
983 2172 1014 2244 le
1024 2175 1167 2263 concile,
1180 2189 1211 2243 et
1224 2166 1329 2267 quelies

303 2308 382 2362 sont
404 2317 446 2361 en
466 2315 504 2360 ce
528 2315 632 2386 genre
657 2291 704 2362 les
729 2291 960 2388 prerogativcs
986 2290 1028 2361 de
1048 2291 1080 2362 la
1098 2291 1225 2388 dignite'
1240 2283 1329 2358 cardi·

302 2407 433 2479 naliee?

354 2529 408 2595 Au
418 2521 480 2595 23⁰
492 2521 645 2619 chapitre
661 2523 707 2594 du
723 2522 936 2595 Cerennonial
952 2524 1010 2594 des
1025 2525 1169 2620 &requos
1182 2524 1204 2594 il
1217 2536 1263 2593 est
1273 2519 1328 2590 dit:

303 2670 320 2705 α
336 2642 369 2711 Si
380 2639 468 2709 forte
482 2637 647 2734 aliquisS.
658 2644 699 2710 R.
709 2644 749 2711 E.
760 2639 938 2711 cardinalis
949 2655 1034 2709 esset
1047 2641 1224 2736 episcopus
1232 2631 1330 2707 suffra·

307 2787 324 2822 α
342 2782 469 2853 ganeus
481 2809 491 2842 ,
513 2771 677 2853 praesente
698 2781 761 2826 suo
783 2755 1049 2853 metropolitano
1074 2782 1145 2827 non
1167 2748 1328 2836 cardinali,

305 2901 322 2938 α
339 2871 587 2943 thurificandus
603 2887 652 2943 est
664 2872 760 2969 prius
772 2874 843 2968 ipse
859 2872 1052 2963 cardinalis,
1069 2873 1114 2943 ob
1130 2868 1329 2944 reverentiam

304 3017 321 3052 n
336 2985 440 3056 officii
458 3002 491 3056 et
506 2987 684 3084 dignitatis
703 2986 936 3059 condissensio.
956 3017 974 3054 n

352 3105 446 3173 Dans
467 3102 515 3172 les
536 3117 626 3173 actes
644 3103 689 3173 du
707 3104 853 3200 premier
867 3102 995 3174 concile
1010 3104 1052 3174 de
1068 3109 1177 3202 Lyon,
1198 3125 1270 3174 sous
1286 3101 1331 3167 In·

309 3234 433 3289 nocent
450 3220 511 3304 IV,
532 3244 575 3287 on
596 3235 760 3316 rapporte
778 3221 865 3290 ainsi
883 3218 1005 3290 l’ordre
1024 3221 1066 3290 de
1090 3223 1267 3318 presennce
1284 3210 1330 3306 qui

307 3334 397 3406 avait
416 3336 471 3404 ete
491 3334 617 3430 garde:
647 3364 664 3399 n
679 3335 732 3405 Ad
753 3335 924 3406 dexteram
951 3351 985 3406 et
1014 3338 1049 3406 in
1073 3331 1331 3406 eminentioribus

306 3482 322 3517 <r
339 3451 422 3522 locis
436 3449 595 3521 sederunt
608 3449 757 3546 episcopi
770 3450 971 3538 cardinales,
992 3477 1033 3520 ex
1046 3449 1154 3522 altera
1167 3475 1246 3522 veno
1260 3467 1333 3544 pres·

307 3600 323 3635 o
340 3567 449 3664 hyteri
466 3563 669 3654 cardinales3
690 3567 933 3664 archiepiscopi
949 3583 982 3637 et
997 3569 1144 3663 episcopi
1165 3582 1239 3664 post
1252 3585 1332 3632 eos.»

355 3687 404 3755 Le
424 3686 532 3754 meme
558 3682 660 3754 ordre
681 3681 723 3752 de
747 3684 871 3753 session
900 3684 952 3754 fut
969 3683 1055 3753 suini
1080 3683 1164 3755 dans
1180 3681 1211 3752 le
1229 3671 1331 3750 second

306 3797 435 3866 concile
450 3795 492 3865 de
513 3800 629 3890 Lyon,
649 3791 713 3865 l’an
736 3819 840 3890 1272.
1320 3885 1323 3890 Ι

355 3916 422 3982 Les
437 3926 529 3982 actes
542 3910 587 3979 du
600 3908 730 3981 concile
745 3909 786 3979 de
799 3908 962 3982 Florence
976 3925 1009 3979 et
1024 3910 1064 3980 de
1076 3909 1162 3980 celui
1178 3911 1219 3981 de
1232 3913 1334 3989 Rome,

308 4024 350 4093 de
377 4021 480 4119 1059,
502 4047 588 4091 nous
602 4037 777 4092 montrent
794 4018 825 4091 la
842 4023 951 4091 menne
969 4023 1135 4117 pratique.

356 4140 480 4227 Enfin,
501 4136 532 4208 le
548 4137 629 4207 bref
641 4137 821 4235 d'Eugene
836 4141 885 4208 lv
903 4141 923 4209 i
942 4138 1067 4225 Henni,
1085 4139 1285 4232 erchereqne
1301 4127 1334 4198 de
