2910 5038
518 490 757 560 censuerim.
1094 489 1163 589 597

125 626 167 682 ter
182 627 368 704 teneamus,
391 637 453 682 nee
472 611 507 680 in
524 611 636 706 aliquo
658 612 700 682 ab
723 601 770 680 eis
787 611 1034 705 dissentiamus
1051 616 1110 686 sed
1127 618 1162 686 in

124 728 213 800 nobis
230 730 352 799 veritas
373 729 475 818 fidei,
494 743 527 798 et
545 727 642 798 firma
665 742 699 797 et
719 753 937 824 perseverans
958 733 1045 801 actio
1063 733 1164 827 justi-

124 847 170 916 tie
188 862 222 916 et
239 847 384 942 pietatis.
404 846 502 916 Unde
520 847 548 914 si
563 844 674 941 placet
693 862 807 918 vestra·
829 849 1018 934 sanctitati,
1032 849 1165 942 justum

124 964 213 1032 nobis
243 961 386 1052 videtur,
420 977 457 1032 ut
477 964 511 1032 in
538 962 711 1033 audientia
739 963 893 1032 onmium
928 965 1099 1050 recitetur,
1128 984 1167 1037 ut

123 1081 269 1149 emnium
286 1104 380 1149 mens
394 1079 429 1148 in
444 1103 482 1148 ea
498 1076 787 1173 perseverabiliter
800 1080 1054 1149 corroboretur.
1070 1084 1167 1152 Tunc

119 1195 254 1288 jubente
270 1195 536 1290 archiepiscopo,
554 1192 638 1263 dicit
653 1192 928 1262 archidiaconus:

167 1309 343 1380 Credimus
375 1309 410 1378 in
433 1334 537 1378 unum
575 1311 687 1378 Deum
719 1323 849 1404 patrem
876 1311 1166 1404 omnipotentem,

122 1427 268 1498 omnium
309 1423 490 1496 visibilium
527 1450 659 1494 necnon
691 1439 726 1492 ct
756 1422 977 1503 invisibilium
1011 1426 1166 1516 condito·

125 1568 213 1630 rem,
234 1557 310 1626 etc,
329 1557 363 1612 et
379 1542 472 1638 qued
485 1541 525 1630 de
539 1541 669 1636 Spiritu
684 1543 809 1609 Sancto
824 1565 893 1610 nou
907 1540 950 1610 ad
967 1539 1104 1636 plenum
1120 1543 1166 1612 ibi

122 1657 324 1752 disputatum
344 1675 410 1747 est;
429 1661 623 1754 insurgente
637 1655 720 1740 falsa
739 1659 900 1726 Eunomii
921 1673 953 1726 et
976 1658 1167 1730 Macedonii

121 1769 235 1842 cdntra
256 1775 419 1870 Spiritum
440 1776 602 1843 Sanctum
623 1773 789 1842 minorem
813 1777 911 1842 Patre
928 1789 962 1878 pt
977 1773 1082 1864 Filio,
1102 1803 1168 1846 an-

120 1912 242 1956 nexum
271 1904 321 1958 est
347 1889 494 1984 praefatis
520 1887 644 1958 sanetis
661 1887 828 1982 *Patribus
858 1889 1168 1986 Constantinopoli·

120 2018 203 2072 tanae
225 1997 344 2098 synodi
365 2005 570 2099 subsequens
590 2000 789 2098 capitulum.

138 2193 143 2204 ,
167 2121 344 2192 Credimus
364 2125 446 2190 etin
464 2122 627 2216 Spiritum
646 2125 827 2210 Sanctum,
847 2123 1047 2215 Dominum,
1067 2139 1101 2193 et
1119 2128 1169 2194 vi·

117 2237 304 2308 vifieantem
322 2264 363 2308 ex
381 2243 482 2309 Patre
500 2253 533 2307 et
551 2237 637 2307 Filio
659 2239 909 2332 procedentem,
926 2267 1004 2310 cnm
1018 2245 1118 2312 Patre
1134 2259 1169 2314 et

116 2352 203 2424 Filio
230 2353 438 2426 adorandum
462 2368 494 2422 et
513 2351 858 2448 conglorificandum
879 2359 938 2450 qui
964 2357 1096 2428 locutus
1119 2376 1170 2430 est

118 2495 180 2566 per
197 2471 396 2566 prophetas3
418 2495 517 2538 unam
534 2467 734 2538 catholicam
749 2484 849 2564 atque
864 2471 1084 2565 apostolicam
1099 2478 1169 2544 'Ec-

120 2584 270 2657 clesiam.
298 2585 510 2656 Confitemur
536 2610 642 2653 unum
671 2584 838 2680 baptisma
874 2587 909 2655 in
939 2588 1168 2662 remissionem

119 2716 356 2798 peccatorum,
389 2715 602 2796 expectamus
629 2701 908 2771 resurrectionem
937 2720 1171 2801 mertuorum,¹

118 2834 154 2892 et
167 2821 268 2890 vitam
283 2819 390 2890 futuri
402 2817 535 2914 saeculi.
550 2820 670 2888 Amen.

169 2939 279 3024 Hanc,
298 2935 431 3021 fratres,
453 2934 553 3004 fidem
572 2959 647 3030 quae
665 2935 760 3004 vebis
779 2937 933 3032 exposita
952 2953 1014 3027 est,
1033 2956 1168 3034 oportet

118 3068 159 3124 ut
180 3051 323 3122 firmiter
351 3053 503 3134 teneatis,
527 3065 561 3120 et
580 3064 696 3121 tenere
714 3075 794 3120 vero
811 3052 913 3122 corde
927 3053 1167 3150 profiteamini.

115 3171 245 3240 Dicant
258 3192 390 3238 omnes:
410 3171 505 3237 Hane
519 3182 686 3258 tenemus,
709 3168 796 3238 hanc
814 3167 1001 3266 laudamus,
1021 3170 1108 3246 hanc
1123 3190 1175 3245 te·

115 3309 200 3358 nere
216 3283 430 3378 profitemur.

169 3400 318 3491 Oportet
336 3399 449 3488 etiam,
470 3399 591 3471 fratres
616 3400 823 3488 charissimi,
844 3427 937 3472 nune
959 3402 1026 3474 fide
1049 3421 1169 3478 nostra

111 3514 282 3608 exposita,
299 3528 434 3608 oportet
454 3531 491 3587 ut
519 3516 560 3585 de
587 3518 767 3587 commisso
785 3519 883 3588 nobis
907 3516 1026 3588 ordine
1055 3521 1166 3616 aliqua

110 3627 311 3724 loquamur.

163 3747 280 3816 Finito
307 3775 478 3836 sermone,
502 3751 774 3848 archiepiscopus
794 3755 968 3849 precipiat
1000 3757 1168 3826 archidia-

108 3887 218 3950 cono,
238 3877 276 3933 ut
299 3865 445 3958 primum
465 3865 649 3960 capitulum
676 3892 711 3935 xr
735 3867 891 3937 Toletani
908 3869 1042 3939 concilii
1069 3870 1170 3966 legat.

68 3989 71 3994 '
111 3982 159 4048 ln
184 3977 260 4047 loeo
280 3977 527 4068 benedictiones
547 3981 769 4052 considentes
790 3987 938 4054 Domini
955 3985 1169 4071 sacerdotes,

107 4091 228 4164 nullis
243 4093 369 4168 debent
388 4113 451 4168 aut
466 4097 666 4168 indiscretis
684 4099 835 4172 vecibus
857 4117 1088 4198 perstrepere,
1109 4120 1172 4174 aret

122 4208 357 4311 quibuslibet
372 4212 579 4287 tumultibus
586 4214 813 4312 perturbari;
836 4217 944 4290 nullis
968 4220 1076 4288 etium
1093 4245 1171 4290 vnn
