2804 5022
205 448 353 496 concine
372 447 476 495 enos.
494 448 562 496 mn
581 451 742 500 ninsonn
765 452 809 502 au
826 453 852 498 s.
869 436 978 500 sntea.
1055 432 1118 502 olli

94 576 254 646 «alendum
274 576 431 669 indicem.
445 579 499 646 Sic
515 579 623 668 enini,
645 579 833 669 uisitator,
850 605 968 652 onustes
980 583 1125 682 episcopi

92 694 227 764 «debent
256 692 539 790 metropolitano,
562 710 597 766 et
625 696 697 791 ipse
715 701 872 768 Romano
901 699 1072 794 pontifici,
1099 703 1126 774 si

91 839 104 873 n
116 810 187 904 quid
206 810 248 880 de
266 809 478 906 corrigendis
496 809 633 907 populis
653 811 744 908 apud
758 837 815 882 eos
829 813 1038 910 impossibile
1053 830 1125 902 est,

91 941 222 996 «notum
242 927 376 1016 lacere3
398 927 498 998 etsie
515 926 615 998 alieni
627 927 914 1026 fientasanguine
930 931 1120 1002 animarum

91 1043 325 1138 «perditarum.
342 1072 360 1109 a

11 1205 12 1216 η
128 1157 202 1228 L'an
218 1162 311 1257 744,
332 1158 362 1228 le
381 1181 467 1254 pape
489 1159 672 1250 Zacharie,
693 1149 776 1230 dans
794 1184 830 1230 sn
847 1159 947 1231 lettre
963 1187 1027 1234 aux
1049 1165 1128 1234 eve-

89 1303 173 1371 ques,
198 1304 242 1350 au
263 1277 377 1374 clerge
404 1292 439 1348 et
465 1303 509 1348 au
536 1275 658 1375 peuple
689 1279 747 1350 des
774 1277 922 1371 Gaulos,
949 1280 1127 1378 s’exprime

11 1369 13 1390 Ι
89 1395 158 1466 ainsi
179 1420 222 1468 au
243 1395 332 1490 sujet
355 1394 401 1464 du
423 1393 552 1490 synode
578 1397 637 1490 qui
662 1397 752 1467 avait
775 1397 829 1468 ete'
847 1395 978 1468 cdle'bnd
996 1423 1074 1472 sous
1094 1400 1125 1472 la
1229 1443 1234 1456 ·

12 1493 13 1504 ἵ
89 1510 270 1606 presidence
284 1511 328 1582 de
341 1511 522 1598 Bonifaee‚
544 1536 606 1581 son
626 1509 716 1610 le'gat
735 1512 962 1610 apostolique.

126 1630 334 1701 «Referente
370 1628 468 1700 nobis
494 1628 671 1700 Bonifacio
708 1631 988 1702 reverendissimo
1022 1647 1126 1730 atque

14 1761 15 1828 j
88 1747 315 1816 «unctissimo
329 1745 434 1816 statne
452 1759 570 1816 nostro
586 1745 758 1846 episcopo,
778 1747 869 1843 quod
883 1747 963 1820 dum
978 1751 1125 1846 synodus

14 1847 15 1884 ³
86 1877 282 1960 «aggregata
296 1878 383 1934 esset
394 1863 428 1931 in
443 1862 617 1957 provincia
635 1877 744 1936 vestra
753 1863 851 1959 juxta
868 1880 1016 1936 nostram
1030 1891 1124 1938 com·

86 2003 98 2038 «
110 1980 344 2068 monitionem,
361 1977 588 2048 mediantibus
602 1977 681 2049 filiis
695 1981 819 2051 nostris
833 1982 869 2052 Pi
873 1981 979 2077 ppino
994 2000 1029 2054 et
1042 1989 1124 2056 Car·

86 2091 266 2164 alomanno
289 2093 500 2190 principibus
524 2095 658 2182 vestris,
682 2111 864 2194 peragente
889 2100 989 2168 etiam
1015 2101 1122 2172 vicem

11 2259 12 2294 3
65 2225 254 2289 ,snostnam
268 2208 410 2305 praefato
422 2210 618 2296 Bonifacio‚
633 2212 801 2282 Dominus
817 2211 1008 2286 inclinasset
1020 2216 1122 2286 conda

85 2342 206 2398 «vestra
220 2351 301 2396 cum
319 2326 480 2396 omnibus
501 2327 711 2423 principibus
725 2329 845 2398 vestris
863 2330 897 2398 in
913 2330 1124 2424 praedicatio-

17 2537 18 2540 Ἴ
85 2466 179 2512 «nem
189 2445 281 2540 ejus,
311 2458 350 2512 ut
376 2443 534 2516 omnibus
556 2446 882 2516 commonitionibus
911 2448 981 2542 ejus
1002 2449 1123 2518 obedi-

16 2649 17 2652 ,
86 2562 222 2630 aretis.»
254 2559 453 2656 (Sirmond
472 2574 496 2630 t.
515 2565 543 2650 1,
565 2585 599 2656 p.
620 2557 730 2656 541.)

123 2679 175 2745 On
196 2691 360 2772 rapponte
386 2677 404 2747 t
432 2675 495 2747 l'an
528 2675 598 2773 785
627 2674 673 2748 les
695 2675 859 2770 capitulos
888 2677 1052 2749 attribues
1079 2705 1123 2754 au

85 2814 157 2886 pepe
174 2793 340 2866 Hadrien.
359 2795 408 2863 Le
427 2793 506 2863 titre
526 2807 624 2888 porte
643 2817 711 2888 que
729 2817 767 2862 ce
787 2817 873 2890 pape
896 2792 943 2864 les
967 2794 1082 2866 donna
1104 2799 1130 2870 i·
1193 2827 1195 2830 ·

85 2908 297 3004 lngibamne,
324 2909 452 3004 e'veque
482 2909 524 2980 de
560 2914 662 2980 Metz.
702 2909 886 3000 Hincmar‚
919 2908 1046 3007 eaeque
1081 2915 1123 2988 de

84 3023 204 3116 Reims,
226 3051 269 3094 en
291 3039 444 3094 comesta
462 3021 641 3094 l’autorite.
658 3054 674 3088 α
691 3028 743 3096 De
761 3027 937 3096 sententiis
953 3053 1033 3099 veno
1047 3055 1121 3124 quae

85 3139 307 3212 «dicuntur...
322 3139 471 3210 collectae
481 3140 524 3211 ab
540 3139 713 3211 Hadriano
731 3166 832 3238 papa,
847 3157 882 3212 et
896 3143 1124 3242 Engelramno

84 3281 96 3314 n
110 3257 311 3327 Metensium
346 3258 504 3352 episcopo
525 3255 664 3343 datae‚...
687 3281 789 3352 quam
816 3258 956 3330 dissonae
976 3263 1065 3332 inter
1088 3287 1123 3334 se

85 3371 293 3444 «habeantur
312 3374 370 3467 qui
390 3371 472 3468 legit
499 3374 580 3444 satis
605 3372 782 3470 inteiligit,
805 3390 839 3444 et
859 3386 963 3470 'quam
985 3378 1123 3450 diverse

83 3492 236 3560 «asseris
251 3490 455 3578 canonibus,
469 3503 615 3584 etquam
631 3488 857 3584 discrepantes
870 3491 904 3560 in
919 3491 1121 3585 quibusdem

84 3603 144 3672 aab
158 3603 393 3674 ecclesiasticis
406 3603 543 3698 judiciis
557 3604 787 3682 habeantur...
801 3608 854 3674 De
866 3605 936 3676 istis
951 3610 1123 3678 sententiis

84 3742 97 3776 a
114 3717 207 3812 plena
219 3734 382 3790 esttecra.
398 3717 567 3814 n(0pusc.
580 3715 641 3805 55,
660 3716 798 3814 capitul.
811 3743 843 3788 c.
857 3717 946 3814 24.)

11 3839 13 3918 j
125 3835 217 3904 Nous
240 3835 354 3905 ferens
371 3832 544 3922 observet,
574 3841 605 3904 ι0
621 3858 687 3930 que
707 3832 737 3902 le
753 3829 966 3930 temoignage
987 3819 1123 3904 d'H'ine·

11 3929 13 4048 l
84 3968 149 4018 mar
167 3951 208 4020 de
224 3952 342 4022 Reims
357 3964 407 4020 est
422 3949 463 4020 ici
481 3973 572 4020 assez
586 3965 720 4046 suspect
738 3950 756 4018 ὲ
772 3973 870 4019 cause
889 3950 977 4020 desa
993 3966 1125 4021 contes-

11 4057 13 4166 ξ
87 4063 179 4132 tation
192 4065 312 4136 nvecle
325 4065 532 4162 saint-siege,
551 4066 778 4136 contestationi
789 4064 877 4134 dans
888 4063 1031 4160 laquelle
1050 4065 1073 4135 il
1089 4091 1123 4138 se

11 4233 13 4250 ,
86 4180 1122 4278 senaiteondamne'lui-memes'ilaaaitsouscnitauxcapitules
1220 4245 1228 4268 s
