2804 5022
208 433 359 482 concina
377 431 478 478 rnov.
494 433 563 480 riu
582 431 748 480 nieronr
763 433 807 480 nu
826 429 853 478 s.
869 416 981 480 since,
1061 411 1124 482 301

93 559 161 629 Chr.
193 559 292 632 Wolf
314 559 398 632 dans
427 586 486 631 son
520 558 620 632 traite
648 559 691 630 de
722 561 892 632 Hortaris
921 559 1133 658 appellatio·

92 674 191 747 uibus.
369 764 374 780 Α

132 791 234 890 Appel
254 792 297 864 de
316 795 459 863 Moutan
487 808 522 863 et
545 792 586 862 de
606 789 775 888 plusieurs
802 807 936 880 autres,
966 817 1040 863 vers
1069 791 1133 864 l’an

92 906 391 981 ao5.—L’auteur
415 931 483 1004 que
507 933 594 979 nous
619 931 748 977 venons
778 905 973 1004 d’indiquer
1003 935 1045 979 eu
1073 910 1135 980 fait

91 1026 229 1096 mention
249 1051 292 1094 en
314 1051 367 1095 ces
384 1040 509 1094 termes
526 1051 534 1094 :
552 1027 810 1114 «Montanum,
827 1022 1043 1112 Florianum,
1060 1026 1135 1100 Bla-

93 1171 106 1204 u
122 1157 229 1231 stum,
249 1140 433 1237 pluresque
452 1141 605 1236 ipsorum
631 1137 774 1209 asseclas
796 1138 898 1210 fuisse
917 1167 935 1210 a
955 1143 1056 1212 variis
1074 1167 1136 1238 per

93 1258 386 1347 «Antiochenam,
416 1256 595 1328 Asiaticam
627 1269 660 1325 et
687 1257 860 1328 Ponticam
891 1257 1048 1328 dioeceses
1079 1285 1135 1354 sy·

12 1377 13 1420 l
93 1399 106 1436 u
125 1371 217 1441 nodis
241 1371 420 1444 damnatos
449 1371 554 1442 refert
583 1369 749 1442 Eusebius
770 1373 999 1442 Caesaraeensis
1018 1371 1062 1468 (l.
1082 1377 1137 1460 V,

12 1567 13 1570 Ἴ
92 1519 106 1552 r
122 1514 149 1558 c.
167 1485 312 1582 15·18);
327 1488 514 1588 appellasse
530 1513 609 1558 vero
622 1487 665 1559 ad
679 1489 909 1584 Zephyrinum
922 1490 1132 1585 pontificem,

12 1627 13 1640 ¹
93 1634 106 1668 u
122 1605 328 1700 postulantes
336 1607 398 1676 sibi
408 1632 447 1677 ac
456 1604 606 1677 eeclesiis
625 1607 693 1676 suis
709 1605 805 1676 reddi
817 1605 966 1677 ablatam
984 1632 1137 1677 commu·

92 1723 231 1792 unionis
257 1749 374 1820 pacem
401 1738 544 1794 testatur
569 1721 800 1793 Tertullianus
830 1724 866 1792 in
896 1722 983 1792 libro
1016 1739 1136 1794 contra

93 1867 107 1901 u
124 1839 294 1928 Praxeam,
303 1840 411 1935 capite
425 1839 551 1938 primo,
567 1837 652 1909 dure
669 1839 704 1908 in
715 1838 810 1909 illum
829 1839 963 1936 (contre
978 1839 1136 1937 Praxc'as)

93 1953 291 2044 «invectus,
313 1955 404 2050 quod
429 1956 685 2052 circumscripto
709 1955 863 2052 pontifici
884 1955 1017 2028 dolosas
1036 1983 1136 2053 pseu-

12 2045 14 2092 *
92 2071 342 2170 conprophetae
361 2075 501 2144 technas
522 2074 699 2169 aperiens,
718 2075 855 2145 emissas
870 2077 1137 2146 communicato·

94 2219 107 2254 u
123 2191 185 2261 rias
199 2192 344 2281 litteras,
355 2192 390 2262 id
403 2207 467 2281 est,
482 2192 637 2289 priorum
654 2191 869 2288 synodalium
890 2195 1135 2266 sententiarum

94 2335 107 2368 (ι
124 2305 377 2378 dissolutionem
388 2307 521 2379 fecisset
532 2310 694 2379 revocari.
709 2339 726 2374 n
743 2308 863 2405 (Wolf,
874 2325 900 2380 t.
914 2314 946 2398 1,
962 2338 995 2407 p.
1012 2313 1112 2408 292.)

134 2425 229 2493 Trois
248 2441 362 2495 autres
388 2422 505 2520 appels
530 2440 608 2494 sont
635 2425 719 2495 ainsi
748 2423 960 2496 mentionees
990 2427 1073 2496 dans
1107 2425 1137 2495 le

15 2561 16 2564 ¹
93 2539 182 2609 traitd
219 2541 261 2610 de
291 2540 373 2613 Chr.
405 2536 505 2610 Wolf
531 2565 590 2611 sur
618 2555 705 2610 cette
734 2541 1137 2638 matierezuDionysius

95 2653 388 2745 «Alexandrinus,
416 2657 467 2726 uti
495 2656 530 2725 in
562 2655 649 2725 libro
673 2655 714 2726 de
743 2657 815 2750 ejus
844 2657 1010 2725 sententia
1036 2657 1138 2726 refert

95 2789 257 2844 «sanctus
279 2773 505 2863 AtlranasiuS,
532 2773 696 2869 inprime
715 2773 875 2843 instantia
897 2799 914 2842 a
943 2775 1137 2871 Pentapoli·

96 2905 208 2960 «tanae
223 2891 407 2987 provincia
429 2892 597 2987 episcopis
624 2889 755 2960 delatus
784 2889 847 2960 fuit
867 2890 908 2961 ad
935 2892 1136 2987 Dionysium

96 3031 109 3066 t
125 3031 244 3102 papam
258 3021 361 3102 atque
374 3009 417 3077 ab
428 3006 487 3076 illo
496 3006 666 3101 judicatus
679 3035 686 3077 :
701 3005 893 3103 Polycrates
912 3007 1136 3105 Ephesiorum

97 3148 141 3190 ra
167 3123 307 3193 Victore
342 3125 538 3220 primozab
571 3123 745 3220 Stephano
777 3125 889 3220 primo
924 3125 1138 3197 firmilianus

98 3239 317 3335 «Cappadox,
333 3239 457 3334 primas
470 3241 703 3309 Ponticorum.
717 3268 734 3304 ³>
747 3243 798 3331 (Τ.
820 3243 849 3327 I,
864 3267 898 3337 p.
912 3241 1015 3338 293.)

137 3354 240 3449 Appel
265 3354 307 3424 de
329 3353 480 3449 l’dvdque
502 3357 629 3446 Privat,
655 3381 727 3425 vers
754 3354 822 3425 l'an
845 3355 926 3427 251.
940 3360 1133 3448 -Privat,

96 3467 210 3564 e'vdquc
241 3470 346 3542 d’une
380 3469 459 3540 ville
490 3471 532 3541 de
564 3471 595 3540 la
633 3471 816 3562 Numidie,
847 3473 937 3542 avait
973 3474 1026 3542 e‘td
1059 3498 1142 3544 con·

96 3581 204 3656 damud
225 3613 287 3683 par
311 3613 357 3657 un
381 3586 513 3658 concile
532 3586 574 3657 dc
589 3587 899 3683 quatre-vingt·dix
919 3589 1084 3682 dvdques,
1105 3605 1139 3660 et

98 3721 136 3767 un
159 3701 287 3774 concile
310 3703 351 3772 de
370 3705 541 3800 Carthage
562 3704 652 3773 avait
680 3703 843 3772 confirmd
866 3701 897 3772 la
923 3719 1091 3774 sentence.
1110 3704 1139 3774 ll

98 3838 214 3914 envoya
232 3823 252 3890 a
268 3825 378 3891 Rome
404 3845 450 3889 uu
481 3821 619 3889 homme
644 3819 685 3887 de
712 3843 773 3888 son
803 3820 904 3914 parti.
925 3823 971 3890 Le
990 3819 1078 3917 siege
1097 3822 1138 3891 de

98 3932 193 4003 Rome
214 3936 308 4008 etant
321 3933 413 4005 alors
426 3951 550 4006 vacant
569 3961 629 4032 par
646 3933 678 4005 la
693 3949 784 4006 mort
800 3934 846 4004 du
867 3961 952 4032 pape
972 3939 1058 4006 saint
1075 3941 1137 4006 Fa·

99 4043 184 4136 bien,
205 4051 235 4122 le
256 4050 370 4148 clerge'
390 4053 521 4124 romain
540 4041 695 4124 ecrivitir
716 4052 805 4121 saint
819 4053 989 4150 Cyprien:

146 4189 161 4231 t
176 4169 245 4240 Nos
270 4169 370 4239 etiam
397 4185 476 4240 ante
503 4167 633 4239 litteras
652 4183 726 4239 tuas
746 4168 838 4240 fraus
857 4167 968 4240 callidi
990 4168 1139 4240 hominis
1250 4191 1253 4196 ⁴
