2804 5022
287 404 357 492 304
631 411 825 478 ruorsrlnmr:
851 431 995 478 animm.
1061 415 1065 422 '

287 557 443 652 «quibus
462 581 647 653 praesumus
665 584 735 628 non
759 559 1046 648 circumcursare,
1071 585 1132 631 nec
1161 562 1316 660 episcopo-

287 702 304 738 «
320 697 396 742 rum
415 674 632 744 concordiam
659 676 884 746 cohaerentem
907 702 968 749 sua
1004 677 1144 748 subdola
1167 693 1200 748 et
1227 678 1318 750 fallaci

288 791 508 862 «temeritate
541 788 722 879 collidere,
755 791 812 861 sed
840 817 940 888 agere
967 791 1045 886 illic
1063 820 1194 864 causam
1220 819 1316 883 suam,

287 937 303 970 a
319 905 377 975 ubi
396 921 658 1000 et-accusatores
677 906 824 996 habere,
851 923 884 977 et
905 923 1006 979 testes
1026 911 1077 979 sui
1096 911 1238 980 criminis
1256 935 1318 1006 pos·

286 1023 397 1092 «sint.
423 1023 495 1093 Nisi
518 1024 544 1092 si
567 1025 682 1118 paucis
702 1023 889 1121 desperatis
908 1042 942 1095 et
961 1026 1101 1123 perditis
1119 1027 1229 1097 minor
1243 1027 1320 1096 vide·

285 1157 374 1210 atur
391 1165 460 1213 esse
477 1141 665 1211 authoritas
687 1142 926 1238 episcoporum
955 1144 990 1212 iu
1007 1127 1122 1214 Africa
1141 1144 1319 1214 constituto·

287 1287 304 1322 κ
318 1283 411 1348 rum,
442 1257 501 1352 qui
523 1256 595 1352 jam
617 1256 658 1326 de
680 1257 744 1326 illis
771 1257 1013 1353 judicaverunt
1023 1303 1039 1349 ,·
1061 1276 1095 1330 et
1119 1285 1234 1331 eorum
1253 1287 1319 1330 con·

287 1406 304 1441 n
319 1375 492 1446 scientiam
508 1373 623 1445 multis
636 1374 837 1446 delictorum
851 1376 978 1472 laqueis
994 1379 1264 1473 vinctamjudicii
1279 1377 1319 1448 sui

285 1521 302 1556 «
318 1517 429 1589 nuper
450 1492 615 1588 gravitate
630 1491 844 1563 damnarunt.
862 1497 936 1562 Jam
952 1519 1051 1565 causa
1070 1521 1188 1566 eorum
1202 1495 1319 1592 cognita

256 1597 261 1612 ⁸
285 1639 301 1674 n
315 1625 383 1712 est3
403 1608 473 1702 jam
497 1607 538 1678 de
559 1609 605 1677 eis
624 1607 714 1679 dicta
733 1609 900 1679 sententia
922 1625 990 1700 est,
1011 1637 1073 1680 nec
1090 1638 1238 1682 censura
1255 1638 1320 1682 con-

285 1755 302 1791 a
318 1725 410 1822 gruit
429 1723 798 1817 sacerdotummobilis
813 1740 914 1820 atque
934 1727 1159 1797 inconstantis
1174 1728 1271 1798 animi
1283 1724 1320 1794 le·

286 1871 303 1906 a
317 1843 420 1910 vitate
441 1840 660 1937 reprehendi,
680 1865 757 1911 cum
782 1840 952 1910 Dominus
973 1841 1091 1912 doceat
1107 1858 1142 1914 et
1158 1844 1244 1913 dicat
1258 1868 1265 1910 :
1280 1841 1322 1910 Sit

286 1987 302 2022 a
317 1983 432 2029 sermo
446 1973 567 2028 vester
582 1974 647 2048 est,
665 1974 734 2047 est,
758 1982 830 2027 non
848 1983 928 2028 non.
950 1960 983 2027 Si
1004 1985 1125 2029 eorum
1140 1962 1198 2056 qui
1215 1960 1253 2030 de
1269 1955 1322 2027 illis

287 2076 422 2173 «priori
441 2100 532 2144 anno
548 2073 791 2168 judicaverunt
804 2099 967 2145 uumerus
983 2102 1060 2145 cum
1076 2078 1275 2172 presbyteris
1291 2098 1321 2142 ac

285 2192 466 2261 «diaconis
487 2207 726 2287 computetur,
749 2190 863 2287 plures
894 2208 975 2261 tunc
1003 2191 1192 2264 adfuerunt
1210 2192 1321 2288 judicio

284 2339 301 2375 a
317 2325 352 2379 et
370 2307 677 2404 cognitioui'quam
693 2322 772 2377 sunt
786 2306 894 2377 eidem
911 2308 965 2377 isti
981 2311 1039 2402 qui
1056 2335 1135 2378 cum
1150 2314 1320 2379 Fortunato

283 2452 407 2497 «nunc
444 2426 605 2496 videntur
639 2451 711 2496 esse
746 2427 973 2520 conjuncti.»
1005 2425 1137 2518 (Wolf,
1171 2442 1196 2498 t.
1235 2427 1320 2508 Vlll,
1382 2461 1383 2487 t

283 2569 318 2639 r·
338 2542 440 2645 2¹9·)
489 2595 493 2604 ·

332 2662 515 2730 Discutons
535 2659 745 2730 maintenant
764 2658 795 2729 la
815 2661 933 2756 portde
952 2659 994 2730 de
1011 2685 1049 2730 ce
1065 2685 1215 2758 passage.
1239 2657 1265 2728 Il
1282 2669 1321 2724 est
1381 2727 1382 2758 ,

283 2777 492 2870 certamque
508 2773 539 2845 la
554 2790 712 2844 coutume
728 2801 815 2871 pour
833 2774 999 2870 l’Afrique
1019 2775 1101 2846 dtait
1115 2801 1184 2872 que
1200 2775 1243 2844 les
1257 2773 1321 2842 sim-

284 2891 356 2990 plcs
377 2890 480 2962 clercs
499 2916 541 2960 ne
561 2905 698 2986 pussent
720 2891 817 2986 point
840 2891 923 2960 faire
940 2890 1037 2987 appel
1059 2917 1103 2961 au
1131 2917 1225 2988 pape.
1238 2893 1320 2977 *Nous
1380 2959 1381 2992 Ξ

284 3033 424 3078 verrens
453 3007 583 3076 bientdt
614 3033 681 3102 que
710 3021 797 3076 cette
817 3022 988 3095 coutume,
1017 3010 1195 3077 consentia
1224 3031 1264 3076 ou
1287 3025 1319 3072 au

284 3124 393 3192 moins
412 3121 538 3192 solerte
558 3148 619 3219 par
632 3122 664 3192 le
678 3123 883 3220 saint-siege,
897 3149 940 3192 ue
953 3123 1026 3193 doit
1048 3125 1119 3194 dtre
1137 3119 1318 3193 considere'e
1379 3197 1380 3226 ,

201 3316 205 3321 ,
283 3265 349 3336 que
379 3264 510 3308 comme
534 3265 580 3324 un
603 3237 767 3337 privilege
793 3239 991 3336 particulier
1019 3265 1084 3310 aux
1109 3239 1230 3335 eglises
1255 3235 1319 3304 d’t·

281 3355 415 3449 frique:
433 3380 471 3423 ce
491 3353 571 3449 qu'il
598 3354 742 3449 importe
761 3354 801 3423 dc
823 3379 1019 3449 remarquer
1037 3355 1098 3442 ici,
1125 3354 1204 3424 c’est
1229 3352 1257 3421 le
1272 3347 1321 3418 lait

282 3473 390 3542 meme
406 3471 447 3541 de
461 3487 548 3541 cette
565 3487 736 3540 coutume.
756 3472 791 3540 Si
805 3475 973 3542 Fortunat
991 3486 1024 3540 et
1044 3495 1132 3540 ceux
1152 3471 1195 3540 de
1213 3495 1247 3539 sa
1265 3465 1319 3536 fac·
1378 3489 1379 3538 ὲ

281 3590 354 3673 tion
375 3613 417 3657 ne
438 3586 579 3656 doivent
600 3587 672 3656 dtre
689 3587 879 3657 consideres
901 3611 968 3682 que
987 3612 1120 3658 comme
1140 3587 1182 3656 de
1200 3578 1319 3677 simples

280 3705 405 3794 clercs,
423 3705 511 3774 saint
524 3705 685 3802 Cyprien,
700 3729 742 3772 en
759 3703 869 3774 disant
883 3703 983 3800 qu’ils
996 3703 1136 3774 doivent
1154 3704 1226 3773 dtre
1236 3695 1319 3794 juge's

281 3848 323 3892 en
341 3821 497 3916 Afrique,
519 3846 561 3890 ne
583 3820 643 3891 fait
665 3845 732 3914 que
753 3820 916 3891 rdclamer
935 3819 1137 3891 l'exdcution
1158 3820 1199 3888 de
1215 3841 1251 3886 ce
1268 3810 1314 3906 qui

281 3929 315 4010 se
340 3938 543 4035 pratiquait3
565 3951 599 4006 et
622 3960 660 4006 ce
692 3935 775 4030 qu’il
799 3937 849 4005 dit
873 3962 915 4006 ne
943 3953 1024 4032 peut
1050 3934 1238 4006 nullemeut
1260 3931 1319 3998 atre
1376 4003 1377 4006 Ἴ

281 4052 439 4150 appliqud
453 4076 519 4122 aux
531 4052 673 4146 dvdques
685 4052 743 4145 qui
758 4051 834 4122 font
847 4049 955 4146 appel.
970 4053 1034 4139 Or,
1049 4053 1217 4120 Fortunat
1232 4051 1317 4140 ayant

280 4169 334 4239 dte'
353 4167 505 4240 ordonne
523 4191 584 4262 par
602 4167 661 4238 des
679 4168 888 4262 hdrdtiques,
909 4182 943 4239 et
961 4166 1016 4236 dlu
1034 4191 1095 4262 par
1114 4189 1182 4236 une
1204 4161 1316 4233 fection
