2804 5022
563 955 899 1094 commen
943 953 1079 1043 vm.

379 1233 488 1310 Appels
503 1251 538 1288 en
547 1232 651 1308 pleine
663 1233 786 1308 vigum
796 1229 881 1308 apres
895 1233 921 1287 le
934 1233 1039 1288 concile
1051 1232 1088 1287 de
1102 1231 1249 1306 Sauoque.

723 1532 900 1559 annm-¹·

344 1921 451 2016 Appel
472 1923 513 1992 de
534 1924 663 2013 Pistus,
688 1925 800 2018 pnetre
829 1923 984 1993 oriende
1009 1920 1134 2017 l'e'glise
1164 1919 1326 1998 d'Alexan·

294 2037 378 2108 drie.
404 2078 453 2092 -
469 2037 498 2107 lt
521 2039 611 2108 avait
636 2037 689 2108 ete
715 2037 904 2108 condamm}
935 2063 997 2134 pan
1027 2039 1116 2108 saint
1138 2034 1327 2118 Alexandro,

294 2153 486 2249 patriarche
503 2152 748 2244 d’Alexnndnie,
764 2155 840 2252 puis
852 2179 913 2250 par
926 2152 956 2224 le
968 2153 1098 2224 concile
1111 2151 1327 2243 oecumenique

294 2266 335 2336 de
356 2267 473 2358 Nic6e3
502 2268 523 2338 il
549 2295 590 2338 en
617 2269 737 2365 appele
765 2267 961 2340 neanmoins
988 2295 1031 2340 au
1059 2294 1149 2365 pape
1178 2266 1266 2339 tutes
1288 2259 1326 2334 ler

294 2407 355 2478 par
367 2381 640 2453 l’intermediaire
653 2383 694 2451 de
709 2382 740 2453 la
755 2383 880 2455 fection
901 2384 957 2454 des
972 2382 1171 2470 Eusebiens‚
1184 2383 1241 2478 qui
1253 2379 1326 2450 avait

293 2495 420 2594 envoye
440 2523 506 2567 une
528 2496 727 2594 deputation
750 2500 769 2568 ὲ
789 2502 908 2570 Rome.
938 2501 1058 2588 Aussi,
1078 2499 1196 2594 quand
1214 2496 1259 2566 les
1273 2497 1328 2564 Eu·
1387 2543 1388 2552 η

294 2615 447 2702 sehim,
466 2614 680 2711 desesperant
705 2617 747 2686 de
770 2641 898 2712 gagnen
924 2616 954 2686 le
973 2642 1059 2713 pape
1082 2631 1114 2685 et
1139 2617 1180 2686 de
1200 2615 1244 2684 tui
1262 2612 1327 2681 faire
1387 2659 1388 2696 ss

294 2731 475 2802 confirmer
487 2730 569 2801 ¹lem·
586 2748 744 2802 sentence
758 2752 875 2802 contre
889 2735 977 2803 saint
992 2733 1175 2818 Athanase,
1199 2727 1327 2800 declaro

294 2864 372 2918 rent
389 2838 584 2918 hnotement
602 2848 699 2944 qu’ils
719 2874 762 2918 ne
778 2849 1064 2920 reconnaissaient
1080 2873 1142 2943 pas
1156 2873 1199 2919 au
1216 2841 1328 2941 pontise

296 2965 428 3032 romain
444 2962 474 3032 le
496 2957 586 3032 droit
602 2963 643 3032 de
662 2961 826 3034 reformen
847 2962 894 3034 les
909 2965 1100 3060 jugements
1120 2963 1180 3032 des
1202 2955 1329 3032 conciles

296 3079 508 3173 patriarcaux
532 3077 708 3169 d’onent,
732 3078 763 3150 le
783 3088 880 3175 pape
894 3079 984 3151 Jules
1007 3077 1081 3150 leur
1100 3077 1233 3172 objecta
1255 3075 1330 3145 leurs

297 3219 436 3291 propres
452 3177 703 3285 de'manchesen
724 3195 840 3265 favour
857 3194 898 3264 de
915 3196 1038 3264 Pistus.

346 3315 408 3396 On,
423 3311 485 3380 sait
504 3293 658 3380 combien
682 3323 766 3380 sont
786 3312 922 3381 anciens
943 3324 977 3379 et
1002 3308 1043 3378 de
1064 3309 1179 3405 quelle
1201 3301 1330 3377 autonte'

296 3440 357 3496 ont
383 3421 436 3496 e‘te
457 3424 503 3495 les
529 3450 657 3494 canons
681 3427 808 3496 arabes.
837 3429 884 3496 Le
908 3425 1274 3521 quarente-quatrieme
1296 3418 1328 3487 de

296 3567 351 3613 ces
375 3566 499 3611 canons
527 3555 644 3636 porte:
673 3543 902 3613 «Potninroha
929 3542 1087 3636 inspiciat
1108 3540 1330 3635 quodcumque

298 3659 472 3754 negotium
496 3656 612 3727 feeerit
635 3656 757 3754 aliquis
782 3683 922 3729 suornm
948 3657 1257 3751 metropolitanum,
1274 3650 1330 3721 sive

297 3775 531 3869 episcoporum
551 3774 586 3841 in
606 3775 787 3868 provinciis
804 3775 927 3869 quibus
945 3788 1104 3871 praesunt.
1119 3774 1152 3848 Si
1170 3785 1277 3840 autem
1290 3767 1330 3831 in·

297 3889 426 3958 venerit
446 3915 486 3957 ex
507 3887 571 3958 iltis
589 3889 773 3983 quidquam
795 3888 887 3983 quod
906 3914 974 3960 non
995 3867 1110 3974 decet}
1129 3897 1291 3981 permutet
1303 3875 1329 3945 it·

214 4077 234 4094 ,.
299 4004 378 4089 lud,
403 4029 442 4072 ac
462 4001 504 4071 de
531 4000 589 4072 illo
614 4005 797 4074 constituat
820 4019 923 4100 prout
949 4004 1012 4098 ipsi
1041 4001 1184 4070 videtur.
1212 3994 1326 4068 Etenim

299 4117 450 4188 omnium
467 4115 615 4211 ipsorum
631 4132 725 4212 pater
738 4131 801 4206 est,
820 4132 855 4186 et
871 4117 918 4188 illi
933 4131 1013 4190 sunt
1027 4116 1130 4210 ipsius
1141 4114 1237 4184 filii...
1251 4112 1326 4196 Qut·
