2910 5038
308 441 378 518 560
648 449 847 528 crnQurnun
872 464 1013 514 rturtn.

354 591 485 662 Exaudi
506 616 578 681 nos,
591 592 752 681 Domine,
767 592 928 687 quoniam
945 589 1089 682 benigna
1103 600 1151 655 est
1170 583 1329 654 miscricor-

308 709 363 778 dia
380 722 459 797 tua,
478 723 512 777 et
532 707 718 778 secuudum
736 707 991 778 multitudinem
1010 704 1256 774 miserationum
1275 715 1328 768 tua-

307 849 384 894 rum
397 826 523 920 respice
537 848 615 913 nos,
637 825 795 896 Domine.

357 993 417 1058 Pr.
444 987 581 1060 Salvum
595 1014 650 1058 me
664 988 730 1078 fac,
748 991 853 1058 Deus.

358 1138 503 1230 Incepto
510 1131 667 1230 psalma,
693 1133 784 1206 sedit
796 1128 982 1229 pontisne,
1012 1143 1160 1225 acceptu
1183 1131 1291 1216 mitro,
1312 1138 1336 1194 at

308 1251 361 1319 sic
379 1265 502 1318 munet
519 1273 700 1347 quousque
711 1248 872 1341 finiatur
887 1245 1076 1345 psalmus,
1104 1261 1140 1316 et
1166 1239 1337 1339 antiphona
1414 1317 1415 1334 χ

310 1380 503 1462 repetatur.
679 1375 682 1382 ⁴

718 1574 886 1644 Psalmur
904 1569 963 1643 68.
1052 1548 1054 1552 Ι

361 1752 498 1824 Salvum
520 1778 574 1822 me
593 1752 658 1838 fac,
682 1754 792 1843 Deus,
818 1751 842 1800 *
863 1751 1024 1848 quoniam
1046 1751 1341 1838 intraveruntaquae

313 1894 418 1964 usque
434 1869 477 1939 ad
492 1870 640 1939 animam
660 1893 782 1940 meam.
847 1937 851 1946 ,

360 1981 489 2056 Infixus
512 2011 586 2056 sum
603 1987 638 2055 in
653 1985 733 2056 limo
752 1986 935 2084 profundi,
953 1985 977 2034 *
990 2001 1024 2056 et
1049 2009 1120 2055 non
1144 1997 1196 2054 est
1214 1981 1341 2052 substau-

301 2116 391 2184 tra„
472 2193 476 2202 Ι
1414 2189 1415 2200 Ν

362 2219 450 2290 Veni
471 2217 506 2287 iu
526 2217 738 2290 altitudinem
763 2219 885 2307 maris,
910 2216 987 2288 *et
1010 2232 1195 2313 tempestas
1213 2207 1340 2284 demersit
1414 2233 1415 2240 ¹

314 2361 378 2406 me.
470 2362 475 2371 ·
1414 2327 1415 2340 ¹

362 2451 530 2521 Laboravi
556 2450 725 2542 clamans3
746 2477 855 2542 raucae
879 2451 975 2522 factae
991 2466 1072 2520 sunt
1100 2450 1217 2520 fauces
1235 2437 1342 2518 meaet¹
1414 2431 1415 2492 ἶ

314 2566 510 2638 defecerunt
532 2566 623 2638 oculi
641 2570 727 2658 mei,
748 2569 829 2638 dum
850 2593 949 2664 spero
964 2570 1000 2636 in
1020 2571 1131 2637 Deum
1149 2591 1268 2637 meum.

230 2668 233 2672 ⁵
363 2679 581 2780 Multiplicati
606 2701 686 2754 sunt
716 2711 821 2782 super
842 2683 982 2782 capillos
1011 2685 1133 2780 capitis
1160 2685 1243 2770 mei,
1266 2671 1342 2770 *qui

314 2799 460 2869 oderunt
474 2824 528 2868 me
547 2801 665 2895 gratis.

363 2914 556 2988 Consortati
573 2935 653 2986 sunt
667 2918 727 3012 qui
742 2919 910 3013 persecuti
924 2932 1004 2987 sunt
1023 2943 1077 2986 me
1097 2917 1229 2988 inimici
1243 2912 1298 2984 mei
1309 2908 1344 2976 in·

311 3031 420 3126 juste:
435 3030 459 3079 *
474 3055 549 3126 quae
566 3057 635 3102 non
658 3037 776 3128 rapui,
804 3048 886 3104 tunc
907 3033 1114 3104 exolvebam.

311 3183 317 3192 ·
365 3150 479 3236 Deus,
501 3161 539 3215 tu
562 3148 626 3216 scis
648 3148 879 3245 insipientium
906 3173 1038 3218 meam:
1065 3149 1133 3220 *et
1156 3148 1273 3220 delicta
1293 3160 1344 3210 met

316 3290 335 3334 a
350 3280 382 3334 te
399 3290 468 3334 non
491 3279 570 3334 sunt
585 3265 794 3338 abscondita.
1251 3345 1252 3348 ,

364 3383 444 3454 Non
464 3381 664 3456 erubescant
689 3385 725 3472 iu
746 3409 800 3454 me
825 3386 883 3480 qui
906 3401 1083 3480 expectant
1102 3400 1157 3474 te,
1175 3365 1345 3464 Domino*

316 3499 465 3569 Domine
483 3498 661 3568 virtutum.

366 3618 440 3685 Non
458 3614 715 3686 confundantur
732 3640 833 3712 super
850 3614 950 3707 mes*
969 3618 1026 3714 qui
1042 3632 1202 3712 quaerunt
1223 3631 1263 3704 te,
1278 3612 1347 3678 Deus

317 3728 432 3800 Israel.
512 3819 516 3830 1
715 3819 719 3832 Ι
829 3804 832 3811 ,
1160 3809 1164 3817 ,

364 3846 537 3936 Quoniam
559 3862 696 3943 propter
720 3839 1189 3946 te'sustinuiopprobrium',
1209 3846 1223 3874 *
1242 3834 1347 3938 opertit

317 3960 471 4056 confusio
492 3960 611 4031 faciem
632 3989 755 4034 meam.

260 4171 261 4176 ἵ
367 4082 557 4172 Extraneus
578 4077 687 4150 factus
704 4105 779 4152 sum
797 4079 958 4158 fratribus
971 4081 1067 4174 meis,
1092 4081 1106 4112 ⁴*
1126 4094 1159 4150 et
1175 4072 1345 4176 peregrin¹¹⁵

225 4198 228 4204 ’
318 4194 396 4268 filiis
408 4196 525 4268 matris
540 4222 630 4271 meae.
