<?xml version="1.0" encoding="UTF-8"?>
<!DOCTYPE html PUBLIC "-//W3C//DTD XHTML 1.0 Transitional//EN"
    "http://www.w3.org/TR/xhtml1/DTD/xhtml1-transitional.dtd">
<html xmlns="http://www.w3.org/1999/xhtml" xml:lang="en" lang="en">
 <head>
  <title>
</title>
<meta http-equiv="Content-Type" content="text/html;charset=utf-8" />
  <meta name='ocr-system' content='tesseract 3.04.00' />
  <meta name='ocr-capabilities' content='ocr_page ocr_carea ocr_par ocr_line ocrx_word'/>
</head>
<body>
  <div class='ocr_page' id='page_1' title='image "./duconcileprovin00bouigoog/duconcileprovin00bouigoog_0183.png"; bbox 0 0 2806 5024; ppageno 0'>
   <div class='ocr_carea' id='block_1_1' title="bbox 343 987 864 1082">
    <p class='ocr_par' dir='ltr' id='par_1_1' title="bbox 343 987 864 1082">
     <span class='ocr_line' id='line_1_1' title="bbox 343 987 864 1082; baseline 0.008 -6"><span class='ocrx_word' id='word_1_1' title='bbox 343 987 691 1082; x_wconf 77' lang='lat' dir='ltr'>CHAPITRE</span> <span class='ocrx_word' id='word_1_2' title='bbox 723 989 864 1080; x_wconf 88' lang='lat' dir='ltr'>XXI.</span> 
     </span>
    </p>
   </div>
   <div class='ocr_carea' id='block_1_2' title="bbox 297 1245 918 1326">
    <p class='ocr_par' dir='ltr' id='par_1_2' title="bbox 297 1245 918 1326">
     <span class='ocr_line' id='line_1_2' title="bbox 297 1245 918 1326; baseline 0.005 -20"><span class='ocrx_word' id='word_1_3' title='bbox 297 1249 356 1306; x_wconf 81' lang='lat' dir='ltr'><strong>Dee</strong></span> <span class='ocrx_word' id='word_1_4' title='bbox 368 1247 487 1326; x_wconf 60' lang='lat' dir='ltr'><strong>&amp;moins</strong></span> <span class='ocrx_word' id='word_1_5' title='bbox 500 1249 652 1322; x_wconf 67' lang='lat' dir='ltr'><strong>synodare</strong></span> <span class='ocrx_word' id='word_1_6' title='bbox 663 1247 740 1308; x_wconf 80' lang='lat' dir='ltr'><strong>etde</strong></span> <span class='ocrx_word' id='word_1_7' title='bbox 751 1251 813 1308; x_wconf 79' lang='lat' dir='ltr'><strong>tear</strong></span> <span class='ocrx_word' id='word_1_8' title='bbox 821 1245 918 1322; x_wconf 81' lang='lat' dir='ltr'><strong>office.</strong></span> 
     </span>
    </p>
   </div>
   <div class='ocr_carea' id='block_1_3' title="bbox 517 1497 695 1530">
    <p class='ocr_par' dir='ltr' id='par_1_3' title="bbox 517 1497 695 1530">
     <span class='ocr_line' id='line_1_3' title="bbox 517 1497 695 1530; baseline 0 -4"><span class='ocrx_word' id='word_1_9' title='bbox 517 1497 695 1530; x_wconf 68' lang='grc' dir='ltr'><strong>-οοοοαι-</strong></span> 
     </span>
    </p>
   </div>
   <div class='ocr_carea' id='block_1_4' title="bbox 94 1791 1160 4336">
    <p class='ocr_par' dir='ltr' id='par_1_4' title="bbox 96 1791 1141 2236">
     <span class='ocr_line' id='line_1_4' title="bbox 136 1791 1141 1896; baseline 0.001 -30"><span class='ocrx_word' id='word_1_10' title='bbox 136 1798 301 1880; x_wconf 81' lang='lat' dir='ltr'><strong>lnnoccnt</strong></span> <span class='ocrx_word' id='word_1_11' title='bbox 321 1797 385 1884; x_wconf 85' lang='grc' dir='ltr'>ΙΙΙ,</span> <span class='ocrx_word' id='word_1_12' title='bbox 398 1795 481 1868; x_wconf 88' lang='lat' dir='ltr'><strong>dans</strong></span> <span class='ocrx_word' id='word_1_13' title='bbox 496 1793 528 1866; x_wconf 89' lang='lat' dir='ltr'><strong>le</strong></span> <span class='ocrx_word' id='word_1_14' title='bbox 544 1791 676 1868; x_wconf 88' lang='lat' dir='ltr'><strong>concile</strong></span> <span class='ocrx_word' id='word_1_15' title='bbox 694 1794 736 1870; x_wconf 91' lang='lat' dir='ltr'><strong>de</strong></span> <span class='ocrx_word' id='word_1_16' title='bbox 756 1797 906 1885; x_wconf 76' lang='lat' dir='ltr'><strong>Latmo,</strong></span> <span class='ocrx_word' id='word_1_17' title='bbox 924 1797 1023 1896; x_wconf 68' lang='lat' dir='ltr'><strong>apres</strong></span> <span class='ocrx_word' id='word_1_18' title='bbox 1045 1798 1141 1868; x_wconf 85' lang='lat' dir='ltr'><strong>avoir</strong></span> 
     </span>
     <span class='ocr_line' id='line_1_5' title="bbox 96 1909 1141 2010; baseline 0.006 -32"><span class='ocrx_word' id='word_1_19' title='bbox 96 1909 237 1985; x_wconf 76' lang='lat' dir='ltr'><strong>ordonni</strong></span> <span class='ocrx_word' id='word_1_20' title='bbox 257 1911 288 1982; x_wconf 89' lang='lat' dir='ltr'><strong>la</strong></span> <span class='ocrx_word' id='word_1_21' title='bbox 306 1910 512 1984; x_wconf 72' lang='lat' dir='ltr'><strong>cile&#39;bration</strong></span> <span class='ocrx_word' id='word_1_22' title='bbox 532 1910 590 1982; x_wconf 88' lang='lat' dir='ltr'><strong>des</strong></span> <span class='ocrx_word' id='word_1_23' title='bbox 607 1910 753 1982; x_wconf 88' lang='lat' dir='ltr'><strong>eonciles</strong></span> <span class='ocrx_word' id='word_1_24' title='bbox 772 1913 993 2008; x_wconf 84' lang='lat' dir='ltr'><strong>provinciaux</strong></span> <span class='ocrx_word' id='word_1_25' title='bbox 1010 1915 1141 2010; x_wconf 85' lang='lat' dir='ltr'><strong>chaque</strong></span> 
     </span>
     <span class='ocr_line' id='line_1_6' title="bbox 97 2023 1139 2122; baseline 0.006 -30"><span class='ocrx_word' id='word_1_26' title='bbox 97 2035 205 2114; x_wconf 72' lang='lat' dir='ltr'><strong>annae,</strong></span> <span class='ocrx_word' id='word_1_27' title='bbox 218 2026 331 2118; x_wconf 83' lang='lat' dir='ltr'><strong>ajoute</strong></span> <span class='ocrx_word' id='word_1_28' title='bbox 349 2023 411 2122; x_wconf 65' lang='grc' dir='ltr'><strong>(Ψ</strong></span> <span class='ocrx_word' id='word_1_29' title='bbox 424 2023 483 2096; x_wconf 88' lang='lat' dir='ltr'><strong>liv.</strong></span> <span class='ocrx_word' id='word_1_30' title='bbox 506 2025 563 2095; x_wconf 87' lang='lat' dir='ltr'><strong>des</strong></span> <span class='ocrx_word' id='word_1_31' title='bbox 580 2023 786 2116; x_wconf 71' lang='lat' dir='ltr'><strong>Decreutes,</strong></span> <span class='ocrx_word' id='word_1_32' title='bbox 803 2026 882 2096; x_wconf 84' lang='lat' dir='ltr'><strong>titre</strong></span> <span class='ocrx_word' id='word_1_33' title='bbox 897 2053 931 2117; x_wconf 83' lang='lat' dir='ltr'><strong>n,</strong></span> <span class='ocrx_word' id='word_1_34' title='bbox 949 2027 990 2098; x_wconf 88' lang='lat' dir='ltr'><strong>de</strong></span> <span class='ocrx_word' id='word_1_35' title='bbox 1003 2031 1139 2118; x_wconf 78' lang='lat' dir='ltr'><strong>Aecus,</strong></span> 
     </span>
     <span class='ocr_line' id='line_1_7' title="bbox 96 2139 436 2236; baseline 0.012 -28"><span class='ocrx_word' id='word_1_36' title='bbox 96 2139 183 2236; x_wconf 74' lang='lat' dir='ltr'><strong>clrap‚</strong></span> <span class='ocrx_word' id='word_1_37' title='bbox 202 2143 302 2212; x_wconf 79' lang='lat' dir='ltr'><strong>Sicut</strong></span> <span class='ocrx_word' id='word_1_38' title='bbox 313 2140 436 2236; x_wconf 85' lang='lat' dir='ltr'><strong>olim):</strong></span> 
     </span>
    </p>

    <p class='ocr_par' dir='ltr' id='par_1_5' title="bbox 94 2253 1146 3743">
     <span class='ocr_line' id='line_1_8' title="bbox 137 2253 1142 2358; baseline 0.01 -34"><span class='ocrx_word' id='word_1_39' title='bbox 137 2261 212 2330; x_wconf 72' lang='lat' dir='ltr'><strong>«Ut</strong></span> <span class='ocrx_word' id='word_1_40' title='bbox 236 2272 349 2326; x_wconf 87' lang='lat' dir='ltr'><strong>autem</strong></span> <span class='ocrx_word' id='word_1_41' title='bbox 376 2255 409 2326; x_wconf 94' lang='lat' dir='ltr'><strong>id</strong></span> <span class='ocrx_word' id='word_1_42' title='bbox 429 2253 537 2328; x_wconf 86' lang='lat' dir='ltr'><strong>valeat</strong></span> <span class='ocrx_word' id='word_1_43' title='bbox 555 2255 725 2328; x_wconf 84' lang='lat' dir='ltr'><strong>efficacius</strong></span> <span class='ocrx_word' id='word_1_44' title='bbox 746 2257 921 2354; x_wconf 86' lang='lat' dir='ltr'><strong>adimpleri</strong></span> <span class='ocrx_word' id='word_1_45' title='bbox 945 2283 1006 2355; x_wconf 91' lang='lat' dir='ltr'><strong>per</strong></span> <span class='ocrx_word' id='word_1_46' title='bbox 1026 2261 1142 2358; x_wconf 84' lang='lat' dir='ltr'><strong>singu·</strong></span> 
     </span>
     <span class='ocr_line' id='line_1_9' title="bbox 98 2368 1145 2470; baseline 0.009 -31"><span class='ocrx_word' id='word_1_47' title='bbox 98 2399 111 2432; x_wconf 74' lang='lat' dir='ltr'><strong>u</strong></span> <span class='ocrx_word' id='word_1_48' title='bbox 127 2368 170 2440; x_wconf 88' lang='lat' dir='ltr'><strong>las</strong></span> <span class='ocrx_word' id='word_1_49' title='bbox 185 2370 345 2442; x_wconf 83' lang='lat' dir='ltr'><strong>dioec&#39;eses</strong></span> <span class='ocrx_word' id='word_1_50' title='bbox 359 2385 509 2441; x_wconf 82' lang='lat' dir='ltr'><strong>statuant</strong></span> <span class='ocrx_word' id='word_1_51' title='bbox 528 2395 690 2467; x_wconf 81' lang='lat' dir='ltr'><strong>personas</strong></span> <span class='ocrx_word' id='word_1_52' title='bbox 705 2371 858 2458; x_wconf 83' lang='lat' dir='ltr'><strong>idoneas,</strong></span> <span class='ocrx_word' id='word_1_53' title='bbox 874 2375 1036 2470; x_wconf 87' lang='lat' dir='ltr'><strong>providas</strong></span> <span class='ocrx_word' id='word_1_54' title='bbox 1053 2377 1145 2448; x_wconf 86' lang='lat' dir='ltr'><strong>vide·</strong></span> 
     </span>
     <span class='ocr_line' id='line_1_10' title="bbox 98 2483 1143 2585; baseline 0.011 -35"><span class='ocrx_word' id='word_1_55' title='bbox 98 2514 111 2550; x_wconf 75' lang='lat' dir='ltr'><strong>a</strong></span> <span class='ocrx_word' id='word_1_56' title='bbox 127 2483 200 2560; x_wconf 87' lang='lat' dir='ltr'><strong>licet</strong></span> <span class='ocrx_word' id='word_1_57' title='bbox 213 2499 247 2556; x_wconf 87' lang='lat' dir='ltr'><strong>et</strong></span> <span class='ocrx_word' id='word_1_58' title='bbox 265 2486 436 2576; x_wconf 86' lang='lat' dir='ltr'><strong>honestas,</strong></span> <span class='ocrx_word' id='word_1_59' title='bbox 450 2511 525 2582; x_wconf 82' lang='lat' dir='ltr'><strong>quae</strong></span> <span class='ocrx_word' id='word_1_60' title='bbox 548 2511 606 2584; x_wconf 90' lang='lat' dir='ltr'><strong>per</strong></span> <span class='ocrx_word' id='word_1_61' title='bbox 625 2501 739 2558; x_wconf 90' lang='lat' dir='ltr'><strong>totum</strong></span> <span class='ocrx_word' id='word_1_62' title='bbox 758 2511 885 2558; x_wconf 86' lang='lat' dir='ltr'><strong>annum</strong></span> <span class='ocrx_word' id='word_1_63' title='bbox 898 2488 1096 2585; x_wconf 86' lang='lat' dir='ltr'><strong>simpliciter</strong></span> <span class='ocrx_word' id='word_1_64' title='bbox 1110 2507 1143 2561; x_wconf 91' lang='lat' dir='ltr'><strong>et</strong></span> 
     </span>
     <span class='ocr_line' id='line_1_11' title="bbox 98 2601 1143 2700; baseline 0.011 -34"><span class='ocrx_word' id='word_1_65' title='bbox 98 2603 166 2672; x_wconf 76' lang='lat' dir='ltr'><strong>«de</strong></span> <span class='ocrx_word' id='word_1_66' title='bbox 191 2601 295 2700; x_wconf 86' lang='lat' dir='ltr'><strong>plano</strong></span> <span class='ocrx_word' id='word_1_67' title='bbox 315 2604 442 2698; x_wconf 80' lang='lat' dir='ltr'><strong>absque</strong></span> <span class='ocrx_word' id='word_1_68' title='bbox 465 2601 534 2672; x_wconf 86' lang='lat' dir='ltr'><strong>ulla</strong></span> <span class='ocrx_word' id='word_1_69' title='bbox 557 2602 815 2696; x_wconf 79' lang='lat' dir='ltr'><strong>jurisdictione,</strong></span> <span class='ocrx_word' id='word_1_70' title='bbox 836 2602 976 2674; x_wconf 77' lang='lat' dir='ltr'><strong>sollicite</strong></span> <span class='ocrx_word' id='word_1_71' title='bbox 1004 2606 1143 2678; x_wconf 89' lang='lat' dir='ltr'><strong>investi·</strong></span> 
     </span>
     <span class='ocr_line' id='line_1_12' title="bbox 97 2716 1144 2816; baseline 0.008 -32"><span class='ocrx_word' id='word_1_72' title='bbox 97 2735 204 2816; x_wconf 76' lang='lat' dir='ltr'><strong>agent</strong></span> <span class='ocrx_word' id='word_1_73' title='bbox 220 2744 296 2816; x_wconf 75' lang='lat' dir='ltr'><strong>quae</strong></span> <span class='ocrx_word' id='word_1_74' title='bbox 314 2719 521 2790; x_wconf 80' lang='lat' dir='ltr'><strong>correctione</strong></span> <span class='ocrx_word' id='word_1_75' title='bbox 541 2716 592 2788; x_wconf 85' lang='lat' dir='ltr'><strong>rel</strong></span> <span class='ocrx_word' id='word_1_76' title='bbox 611 2716 849 2790; x_wconf 83' lang='lat' dir='ltr'><strong>reformatione</strong></span> <span class='ocrx_word' id='word_1_77' title='bbox 873 2732 953 2789; x_wconf 87' lang='lat' dir='ltr'><strong>sunt</strong></span> <span class='ocrx_word' id='word_1_78' title='bbox 972 2718 1092 2816; x_wconf 83' lang='lat' dir='ltr'><strong>digna,</strong></span> <span class='ocrx_word' id='word_1_79' title='bbox 1110 2737 1144 2792; x_wconf 90' lang='lat' dir='ltr'><strong>et</strong></span> 
     </span>
     <span class='ocr_line' id='line_1_13' title="bbox 98 2831 1143 2931; baseline 0.012 -33"><span class='ocrx_word' id='word_1_80' title='bbox 98 2861 165 2906; x_wconf 77' lang='lat' dir='ltr'><strong>«ca</strong></span> <span class='ocrx_word' id='word_1_81' title='bbox 185 2834 327 2906; x_wconf 88' lang='lat' dir='ltr'><strong>fideliter</strong></span> <span class='ocrx_word' id='word_1_82' title='bbox 344 2834 514 2931; x_wconf 83' lang='lat' dir='ltr'><strong>perferant</strong></span> <span class='ocrx_word' id='word_1_83' title='bbox 533 2835 577 2906; x_wconf 89' lang='lat' dir='ltr'><strong>ad</strong></span> <span class='ocrx_word' id='word_1_84' title='bbox 598 2831 900 2930; x_wconf 86' lang='lat' dir='ltr'><strong>metropolitanum</strong></span> <span class='ocrx_word' id='word_1_85' title='bbox 922 2849 956 2904; x_wconf 89' lang='lat' dir='ltr'><strong>et</strong></span> <span class='ocrx_word' id='word_1_86' title='bbox 978 2835 1143 2931; x_wconf 70' lang='lat' dir='ltr'><strong>sultagi-</strong></span> 
     </span>
     <span class='ocr_line' id='line_1_14' title="bbox 99 2949 1145 3047; baseline 0.002 -25"><span class='ocrx_word' id='word_1_87' title='bbox 99 2978 114 3014; x_wconf 77' lang='lat'><strong>&lt;1</strong></span> <span class='ocrx_word' id='word_1_88' title='bbox 131 2977 210 3030; x_wconf 81' lang='lat' dir='ltr'><strong>neos</strong></span> <span class='ocrx_word' id='word_1_89' title='bbox 230 2967 265 3024; x_wconf 93' lang='lat' dir='ltr'><strong>et</strong></span> <span class='ocrx_word' id='word_1_90' title='bbox 286 2950 372 3022; x_wconf 88' lang='lat' dir='ltr'><strong>alios</strong></span> <span class='ocrx_word' id='word_1_91' title='bbox 390 2953 426 3024; x_wconf 92' lang='lat' dir='ltr'><strong>in</strong></span> <span class='ocrx_word' id='word_1_92' title='bbox 443 2950 590 3022; x_wconf 90' lang='lat' dir='ltr'><strong>concilio</strong></span> <span class='ocrx_word' id='word_1_93' title='bbox 610 2949 848 3046; x_wconf 88' lang='lat' dir='ltr'><strong>subsequenti,</strong></span> <span class='ocrx_word' id='word_1_94' title='bbox 868 2965 901 3022; x_wconf 92' lang='lat' dir='ltr'><strong>et</strong></span> <span class='ocrx_word' id='word_1_95' title='bbox 920 2952 1093 3047; x_wconf 86' lang='lat' dir='ltr'><strong>superbis</strong></span> <span class='ocrx_word' id='word_1_96' title='bbox 1112 2969 1145 3024; x_wconf 88' lang='lat' dir='ltr'><strong>et</strong></span> 
     </span>
     <span class='ocr_line' id='line_1_15' title="bbox 99 3067 1145 3166; baseline 0 -26"><span class='ocrx_word' id='word_1_97' title='bbox 99 3068 199 3148; x_wconf 80' lang='lat' dir='ltr'><strong>raliis</strong></span> <span class='ocrx_word' id='word_1_98' title='bbox 222 3083 326 3166; x_wconf 87' lang='lat' dir='ltr'><strong>prout</strong></span> <span class='ocrx_word' id='word_1_99' title='bbox 352 3067 489 3139; x_wconf 88' lang='lat' dir='ltr'><strong>utilitati</strong></span> <span class='ocrx_word' id='word_1_100' title='bbox 513 3083 546 3138; x_wconf 94' lang='lat' dir='ltr'><strong>et</strong></span> <span class='ocrx_word' id='word_1_101' title='bbox 573 3067 740 3140; x_wconf 87' lang='lat' dir='ltr'><strong>honestati</strong></span> <span class='ocrx_word' id='word_1_102' title='bbox 762 3068 977 3163; x_wconf 82' lang='lat' dir='ltr'><strong>congruerit,</strong></span> <span class='ocrx_word' id='word_1_103' title='bbox 1003 3071 1145 3166; x_wconf 82' lang='lat' dir='ltr'><strong>provida</strong></span> 
     </span>
     <span class='ocr_line' id='line_1_16' title="bbox 101 3184 1145 3280; baseline 0.008 -32"><span class='ocrx_word' id='word_1_104' title='bbox 101 3213 115 3248; x_wconf 71' lang='lat' dir='ltr'><strong>a</strong></span> <span class='ocrx_word' id='word_1_105' title='bbox 133 3185 372 3260; x_wconf 83' lang='lat' dir='ltr'><strong>deliberatione</strong></span> <span class='ocrx_word' id='word_1_106' title='bbox 388 3184 574 3280; x_wconf 85' lang='lat' dir='ltr'><strong>procedant</strong></span> <span class='ocrx_word' id='word_1_107' title='bbox 588 3211 595 3253; x_wconf 93' lang='lat'>:</span> <span class='ocrx_word' id='word_1_108' title='bbox 613 3198 648 3254; x_wconf 90' lang='lat' dir='ltr'><strong>et</strong></span> <span class='ocrx_word' id='word_1_109' title='bbox 661 3209 737 3280; x_wconf 89' lang='lat' dir='ltr'><strong>quae</strong></span> <span class='ocrx_word' id='word_1_110' title='bbox 750 3185 930 3257; x_wconf 89' lang='lat' dir='ltr'><strong>statuerint</strong></span> <span class='ocrx_word' id='word_1_111' title='bbox 944 3185 1072 3258; x_wconf 81' lang='lat' dir='ltr'><strong>faciant</strong></span> <span class='ocrx_word' id='word_1_112' title='bbox 1085 3187 1145 3257; x_wconf 93' lang='lat' dir='ltr'><strong>ob·</strong></span> 
     </span>
     <span class='ocr_line' id='line_1_17' title="bbox 101 3299 1144 3400; baseline 0 -28"><span class='ocrx_word' id='word_1_113' title='bbox 101 3303 280 3374; x_wconf 77' lang='lat' dir='ltr'><strong>«serrariz</strong></span> <span class='ocrx_word' id='word_1_114' title='bbox 302 3300 509 3397; x_wconf 88' lang='lat' dir='ltr'><strong>publicaturi</strong></span> <span class='ocrx_word' id='word_1_115' title='bbox 530 3325 568 3370; x_wconf 88' lang='lat' dir='ltr'><strong>ea</strong></span> <span class='ocrx_word' id='word_1_116' title='bbox 592 3300 627 3369; x_wconf 92' lang='lat' dir='ltr'><strong>in</strong></span> <span class='ocrx_word' id='word_1_117' title='bbox 644 3299 892 3395; x_wconf 87' lang='lat' dir='ltr'><strong>episcopalibus</strong></span> <span class='ocrx_word' id='word_1_118' title='bbox 913 3302 1065 3400; x_wconf 80' lang='lat' dir='ltr'><strong>synodis,</strong></span> <span class='ocrx_word' id='word_1_119' title='bbox 1083 3327 1144 3376; x_wconf 84' lang='lat' dir='ltr'><strong>nn·</strong></span> 
     </span>
     <span class='ocr_line' id='line_1_18' title="bbox 103 3413 1146 3512; baseline -0.003 -25"><span class='ocrx_word' id='word_1_120' title='bbox 103 3419 260 3490; x_wconf 73' lang='lat' dir='ltr'><strong>inuatim</strong></span> <span class='ocrx_word' id='word_1_121' title='bbox 287 3414 519 3512; x_wconf 84' lang='lat' dir='ltr'><strong>persingulas</strong></span> <span class='ocrx_word' id='word_1_122' title='bbox 546 3415 705 3484; x_wconf 85' lang='lat' dir='ltr'><strong>dioeceses</strong></span> <span class='ocrx_word' id='word_1_123' title='bbox 736 3413 957 3486; x_wconf 84' lang='lat' dir='ltr'><strong>celebrandis.</strong></span> <span class='ocrx_word' id='word_1_124' title='bbox 982 3418 1146 3511; x_wconf 87' lang='lat' dir='ltr'><strong>Quisquis</strong></span> 
     </span>
     <span class='ocr_line' id='line_1_19' title="bbox 94 3528 1146 3627; baseline -0.003 -25"><span class='ocrx_word' id='word_1_125' title='bbox 94 3560 118 3618; x_wconf 20' lang='lat' dir='ltr'><strong>y«</strong></span> <span class='ocrx_word' id='word_1_126' title='bbox 134 3550 242 3606; x_wconf 85' lang='lat' dir='ltr'><strong>autern</strong></span> <span class='ocrx_word' id='word_1_127' title='bbox 262 3534 327 3603; x_wconf 89' lang='lat' dir='ltr'><strong>boc</strong></span> <span class='ocrx_word' id='word_1_128' title='bbox 347 3531 491 3604; x_wconf 86' lang='lat' dir='ltr'><strong>salutare</strong></span> <span class='ocrx_word' id='word_1_129' title='bbox 510 3544 675 3602; x_wconf 88' lang='lat' dir='ltr'><strong>statutum</strong></span> <span class='ocrx_word' id='word_1_130' title='bbox 693 3528 880 3627; x_wconf 85' lang='lat' dir='ltr'><strong>neglexerit</strong></span> <span class='ocrx_word' id='word_1_131' title='bbox 894 3530 1103 3626; x_wconf 87' lang='lat' dir='ltr'><strong>adimplere,</strong></span> <span class='ocrx_word' id='word_1_132' title='bbox 1126 3556 1146 3599; x_wconf 89' lang='lat' dir='ltr'><strong>a</strong></span> 
     </span>
     <span class='ocr_line' id='line_1_20' title="bbox 106 3647 812 3743; baseline -0.007 -23"><span class='ocrx_word' id='word_1_133' title='bbox 106 3653 183 3722; x_wconf 76' lang='lat' dir='ltr'><strong>«sui</strong></span> <span class='ocrx_word' id='word_1_134' title='bbox 201 3651 401 3722; x_wconf 85' lang='lat' dir='ltr'><strong>executione</strong></span> <span class='ocrx_word' id='word_1_135' title='bbox 419 3648 523 3720; x_wconf 87' lang='lat' dir='ltr'><strong>officii</strong></span> <span class='ocrx_word' id='word_1_136' title='bbox 543 3647 779 3743; x_wconf 88' lang='lat' dir='ltr'><strong>suspendatur.</strong></span> <span class='ocrx_word' id='word_1_137' title='bbox 793 3677 812 3715; x_wconf 78' lang='lat' dir='ltr'><strong>u</strong></span> 
     </span>
    </p>

    <p class='ocr_par' dir='ltr' id='par_1_6' title="bbox 106 3761 1148 3954">
     <span class='ocr_line' id='line_1_21' title="bbox 144 3761 1148 3864; baseline -0.008 -25"><span class='ocrx_word' id='word_1_138' title='bbox 144 3763 530 3864; x_wconf 52' lang='lat' dir='ltr'><strong>Fagnau,=interpr6tant</strong></span> <span class='ocrx_word' id='word_1_139' title='bbox 551 3789 589 3834; x_wconf 91' lang='lat' dir='ltr'><strong>ce</strong></span> <span class='ocrx_word' id='word_1_140' title='bbox 606 3778 709 3853; x_wconf 84' lang='lat' dir='ltr'><strong>texte,</strong></span> <span class='ocrx_word' id='word_1_141' title='bbox 722 3763 783 3834; x_wconf 82' lang='lat' dir='ltr'><strong>leit</strong></span> <span class='ocrx_word' id='word_1_142' title='bbox 803 3762 849 3834; x_wconf 85' lang='lat' dir='ltr'><strong>les</strong></span> <span class='ocrx_word' id='word_1_143' title='bbox 859 3761 1047 3834; x_wconf 84' lang='lat' dir='ltr'><strong>re&#39;llexions</strong></span> <span class='ocrx_word' id='word_1_144' title='bbox 1071 3762 1148 3834; x_wconf 91' lang='lat' dir='ltr'><strong>sui·</strong></span> 
     </span>
     <span class='ocr_line' id='line_1_22' title="bbox 106 3899 231 3954; baseline 0.048 -6"><span class='ocrx_word' id='word_1_145' title='bbox 106 3899 209 3954; x_wconf 85' lang='lat' dir='ltr'><strong>ventes</strong></span> <span class='ocrx_word' id='word_1_146' title='bbox 222 3910 231 3954; x_wconf 77' lang='lat' dir='ltr'><strong>t</strong></span> 
     </span>
    </p>

    <p class='ocr_par' dir='ltr' id='par_1_7' title="bbox 108 3992 1160 4336">
     <span class='ocr_line' id='line_1_23' title="bbox 149 3992 1160 4096; baseline -0.003 -28"><span class='ocrx_word' id='word_1_147' title='bbox 149 4030 165 4068; x_wconf 87' lang='lat'>«</span> <span class='ocrx_word' id='word_1_148' title='bbox 181 4003 229 4072; x_wconf 85' lang='lat' dir='ltr'><strong>Cc</strong></span> <span class='ocrx_word' id='word_1_149' title='bbox 256 4014 336 4071; x_wconf 85' lang='lat' dir='ltr'><strong>sont</strong></span> <span class='ocrx_word' id='word_1_150' title='bbox 361 4021 491 4070; x_wconf 86' lang='lat' dir='ltr'><strong>comme</strong></span> <span class='ocrx_word' id='word_1_151' title='bbox 521 3995 579 4067; x_wconf 87' lang='lat' dir='ltr'><strong>des</strong></span> <span class='ocrx_word' id='word_1_152' title='bbox 608 3992 752 4068; x_wconf 66' lang='lat' dir='ltr'><strong>timoins</strong></span> <span class='ocrx_word' id='word_1_153' title='bbox 777 4021 865 4094; x_wconf 85' lang='lat' dir='ltr'><strong>pour</strong></span> <span class='ocrx_word' id='word_1_154' title='bbox 887 3993 918 4068; x_wconf 89' lang='lat' dir='ltr'><strong>le</strong></span> <span class='ocrx_word' id='word_1_155' title='bbox 948 3995 1094 4096; x_wconf 88' lang='lat' dir='ltr'><strong>synode,</strong></span> <span class='ocrx_word' id='word_1_156' title='bbox 1116 4009 1160 4066; x_wconf 82' lang='lat' dir='ltr'><strong>et-</strong></span> 
     </span>
     <span class='ocr_line' id='line_1_24' title="bbox 108 4113 1148 4210; baseline -0.002 -26"><span class='ocrx_word' id='word_1_157' title='bbox 108 4115 232 4188; x_wconf 76' lang='lat' dir='ltr'><strong>rn&#39;ont</strong></span> <span class='ocrx_word' id='word_1_158' title='bbox 251 4141 385 4188; x_wconf 89' lang='lat' dir='ltr'><strong>aucune</strong></span> <span class='ocrx_word' id='word_1_159' title='bbox 399 4113 609 4210; x_wconf 86' lang='lat' dir='ltr'><strong>juridiction.</strong></span> <span class='ocrx_word' id='word_1_160' title='bbox 630 4115 718 4189; x_wconf 84' lang='lat' dir='ltr'><strong>Sunt</strong></span> <span class='ocrx_word' id='word_1_161' title='bbox 736 4113 791 4184; x_wconf 91' lang='lat' dir='ltr'><strong>isti</strong></span> <span class='ocrx_word' id='word_1_162' title='bbox 811 4115 908 4210; x_wconf 88' lang='lat' dir='ltr'><strong>quasi</strong></span> <span class='ocrx_word' id='word_1_163' title='bbox 927 4126 1026 4184; x_wconf 87' lang='lat' dir='ltr'><strong>testes</strong></span> <span class='ocrx_word' id='word_1_164' title='bbox 1046 4135 1148 4207; x_wconf 81' lang='lat' dir='ltr'><strong>syno-</strong></span> 
     </span>
     <span class='ocr_line' id='line_1_25' title="bbox 109 4227 1149 4336; baseline -0.004 -36"><span class='ocrx_word' id='word_1_165' title='bbox 109 4230 239 4324; x_wconf 79' lang='lat' dir='ltr'><strong>«dales,</strong></span> <span class='ocrx_word' id='word_1_166' title='bbox 262 4229 388 4336; x_wconf 86' lang='lat' dir='ltr'><strong>nullam</strong></span> <span class='ocrx_word' id='word_1_167' title='bbox 406 4230 675 4324; x_wconf 86' lang='lat' dir='ltr'><strong>jurisdictionem</strong></span> <span class='ocrx_word' id='word_1_168' title='bbox 696 4229 867 4302; x_wconf 85' lang='lat' dir='ltr'><strong>habentes.</strong></span> <span class='ocrx_word' id='word_1_169' title='bbox 886 4227 1149 4301; x_wconf 82' lang='lat' dir='ltr'><strong>Onleurdonne</strong></span> 
     </span>
    </p>
   </div>
   <div class='ocr_carea' id='block_1_5' title="bbox 0 0 1433 5024">
    <p class='ocr_par' dir='ltr' id='par_1_8' title="bbox 0 0 1433 5024">
     <span class='ocr_line' id='line_1_26' title="bbox 0 0 1433 5024; baseline 0 0"><span class='ocrx_word' id='word_1_170' title='bbox 0 0 1433 5024; x_wconf 95' lang='lat' dir='ltr'><strong> </strong></span> 
     </span>
    </p>
   </div>
  </div>
 </body>
</html>
