2928 5000
406 961 741 1114 cntrtrtm
772 1027 881 1116 vn.

311 1305 355 1362 De
369 1305 563 1384 l'impcrtarrce
576 1319 606 1363 et
617 1307 653 1363 de
665 1309 780 1366 l’utr'lr'te'
791 1309 841 1366 des
857 1312 987 1370 concites.

172 1970 214 2038 lei
232 1968 280 2040 les
305 1968 484 2040 reflexions
504 1965 588 2039 d’un
606 1983 728 2040 auteur
747 1970 926 2062 moderne,
950 1973 1174 2046 fussent-elles

129 2084 344 2183 developpdes
364 2111 446 2157 avec
461 2100 572 2157 toutes
591 2083 639 2158 les
656 2111 846 2158 ressources
862 2089 907 2159 du
923 2090 1046 2181 talent,
1066 2117 1108 2160 ne
1124 2117 1174 2161 se·

130 2201 227 2273 taient
255 2203 357 2300 apres
383 2217 460 2273 tout
482 2227 549 2298 que
575 2227 626 2272 ses
649 2203 805 2300 pensdes3
833 2203 912 2275 elles
938 2231 981 2276 ne
1004 2209 1174 2280 sauraient

128 2321 211 2389 avoir
235 2319 268 2391 le
293 2319 404 2388 meme
430 2319 529 2416 poids
555 2344 621 2414 que
644 2317 676 2390 la
699 2320 880 2392 rdndrable
904 2323 1052 2392 autoritd
1074 2324 1116 2392 de
1141 2323 1172 2394 la

128 2435 302 2526 tradition,
324 2435 382 2506 des
409 2434 654 2530 conciles,des
677 2437 777 2506 Peras
802 2452 836 2508 et
858 2437 916 2508 des
939 2439 1053 2508 saints.
1074 2443 1172 2511 Nous

128 2575 261 2648 croyons
279 2553 371 2623 donc
392 2551 477 2623 aller
496 2552 684 2623 au-devant
704 2551 749 2622 du
767 2553 858 2623 ddsir
877 2554 918 2623 de
940 2579 1001 2624 nos
1017 2553 1174 2643 lecteurs,

127 2693 163 2737 en
175 2667 247 2740 leur
262 2669 395 2740 offrant
408 2666 654 2764 quelques-uns
667 2667 709 2738 de
723 2693 777 2738 ces
791 2693 910 2764 graves
927 2670 1170 2766 te‘moignages,

25 2799 26 2816 ¹
127 2785 280 2881 ausquels
302 2782 325 2853 il
346 2785 448 2856 serait
464 2782 635 2856 d’ailleurs
656 2781 793 2853 difficile
812 2781 854 2852 de
875 2787 947 2852 rien
967 2784 1113 2878 ajouter3
1135 2785 1174 2857 ils

25 4245 27 4334 l

126 2917 195 2971 sont
215 2901 430 2992 nombrenx,
452 2916 485 2970 et
507 2899 575 2972 l’on
605 2897 661 2972 n’a
689 2923 756 2994 que
777 2898 971 2972 l'embarras
991 2899 1037 2968 du
1061 2901 1172 2972 choix.

125 3015 215 3087 Voici
248 3031 425 3087 comment
452 3015 658 3112 s’exprimait
684 3017 773 3087 saint
799 3014 939 3087 Charles
968 3016 1172 3108 Borromde,

126 3155 178 3202 sur
192 3131 224 3204 le
244 3135 340 3227 ,sajet
359 3133 419 3227 qui
433 3157 519 3202 nous
537 3157 677 3228 occupe.

170 3253 289 3342 «Quo
306 3252 339 3319 in
360 3248 506 3319 concilio
524 3243 624 3346 (celui
643 3247 685 3318 de
701 3245 840 3344 Trente)
859 3271 938 3318 cum
957 3249 1072 3319 omnia
1089 3273 1174 3344 prae-

127 3362 206 3436 clare
218 3355 409 3458 'constituta
425 3366 495 3435 sint
508 3389 583 3459 quae
602 3363 645 3433 ad
663 3362 896 3459 explicandam
910 3362 985 3433 fidei
1000 3365 1173 3435 veritatem

125 3497 155 3550 ct
173 3483 215 3552 ad
237 3480 482 3552 restituendam
500 3477 730 3550 ecclesiasticae
745 3477 930 3574 disciplinae
949 3481 1174 3574 integritatem

126 3597 349 3691 pertinebant,
363 3595 524 3665 divinitus
541 3591 709 3689 profecto,
731 3607 863 3690 patres,
882 3593 967 3663 illud
984 3593 1175 3666 decrevistis

127 3730 161 3784 ut
178 3713 404 3786 conciliorum
420 3709 677 3807 provincialium
697 3735 772 3806 quae
785 3710 913 3804 jamdiu
939 3710 1053 3780 baberi
1072 3711 1177 3783 desie-

127 3847 198 3901 rant
211 3855 293 3902 usus
308 3827 490 3924 aliquando
504 3842 742 3916 renovaretur3
760 3851 879 3920 exque
891 3825 1113 3898 certissimum
1127 3845 1177 3900 est

127 3949 339 4018 christianam
358 3941 598 4039 rempublicam
619 3944 806 4012 uberrimos
824 3940 940 4012 salutis
956 3942 1087 4014 fructus
1106 3971 1177 4016 esse

128 4077 370 4158 percepturam.
388 4064 432 4132 Et
450 4058 585 4155 quidem
605 4074 724 4150 natura
741 4073 774 4128 et
790 4060 921 4128 ratione
935 4059 1005 4154 ipsa
1021 4059 1178 4132 ducimur

132 4193 184 4267 ut,
206 4179 242 4247 in
262 4167 473 4274 gravioribds
495 4177 594 4246 rebus
615 4175 856 4263 deliberandis,
878 4173 1021 4278 aliornm
1039 4177 1176 4247 consilia
