2858 5006
370 987 374 997 ’
469 1017 498 1114 J
568 1039 894 1167 cnaninnn
929 1025 1043 1148 nn.

282 1369 324 1423 De
342 1362 380 1422 la'
387 1362 544 1442 profession
558 1365 595 1421 de
603 1359 651 1438 soi
665 1365 744 1419 selon
760 1365 790 1418 Ia
794 1361 927 1436 formale
939 1365 976 1420 dc
988 1362 1044 1420 Pie'
1057 1365 1107 1418 IV
1103 1361 1116 1433 ,’
1130 1355 1310 1419 au'contmen-
1412 1363 1413 1368 ’

660 1472 771 1517 cernent
782 1459 821 1516 du
834 1463 953 1522 concile.
977 1483 981 1492 ·

685 1749 889 1782 ,nom-—

233 2171 239 2180 -
327 2127 375 2193 Le
395 2120 523 2193 concile
539 2120 581 2190 de
598 2123 742 2204 Tremo,
763 2119 848 2191 dans
870 2145 906 2190 sa
926 2117 989 2192 25⁶
1008 2121 1158 2210 sessi0n‚
1179 2120 1314 2215 chapitre
1412 2213 1413 2218 ἵ

278 2237 403 2309 second
420 2235 466 2307 de
486 2234 765 2332 Ηψνηιαὶἰοηε,
787 2235 824 2306 fit
845 2233 874 2304 le
892 2232 1005 2306 decret
1024 2236 1187 2306 suivant:
1209 2239 1314 2306 «Pra-

279 2357 361 2450 cipit
381 2354 487 2450 igitur
503 2365 617 2422 sancta
634 2351 780 2448 synodus
800 2352 1015 2446 patriarchia,
1040 2352 1256 2447 primatibus,
1272 2374 1315 2418 ar·
1412 2333 1413 2382 ³

216 2560 221 2565 -
278 2467 513 2563 chiepiscopis‚
534 2465 700 2560 episcopis
718 2480 751 2535 et
770 2465 931 2536 omnibus
955 2464 1028 2537 aliis
1048 2467 1106 2562 qui
1127 2467 1169 2537 de
1184 2468 1257 2562 jure
1272 2460 1314 2532 vel
1411 2505 1412 2526 t

277 2583 523 2662 consuetudine
534 2582 568 2652 iu
582 2579 728 2652 concilio
744 2579 941 2676 provinciali
954 2582 1115 2653 interesse
1133 2583 1269 2670 debent,
1284 2593 1314 2648 ut

276 2700 312 2768 in
340 2701 410 2794 ipsa
435 2699 545 2794 prima
566 2697 695 2792 synodo
717 2696 916 2791 provinciali
936 2714 1012 2793 post
1035 2699 1139 2769 finem
1158 2696 1316 2796 pnaesentis

276 2814 408 2884 concilii
428 2811 600 2896 habenda,
618 2837 656 2881 ea
678 2813 792 2883 omnia
817 2827 850 2882 et
875 2811 1009 2908 singula
1025 2840 1100 2908 quaa
1118 2815 1237 2886 abhuc
1253 2836 1315 2882 sun·
1411 2855 1412 2867 κ

275 2945 328 3001 ctu
346 2929 475 3025 ‘synodo
489 2927 629 2998 definita
643 2943 677 2999 et
691 2942 818 2998 statuta
830 2943 910 2998 sunt
927 2927 1038 3023 palum
1054 2931 1232 3026 recipiant,
1251 2952 1316 2997 nec·

162 3043 171 3058 ⁰
275 3071 344 3116 non
365 3069 477 3114 verani
490 3042 714 3114 obedientiam
734 3067 868 3112 summo
887 3047 1042 3114 Romano
1061 3045 1215 3140 pontifici
1231 3067 1316 3140 spon·
1411 3029 1412 3058 ³

275 3159 376 3229 deant
392 3172 425 3227 et
444 3156 687 3252 profiteantur,
709 3155 878 3251 simulque
892 3157 1033 3228 haereses
1052 3183 1172 3230 omnes
1189 3185 1209 3230 a
1229 3157 1316 3228 saenis

275 3272 462 3344 canonibus
493 3286 526 3342 et
554 3272 767 3368 generalibus
796 3271 970 3364 conciliis,
1006 3276 1257 3372 praesertimque
1283 3273 1316 3342 ab

273 3389 338 3459 hac
374 3389 491 3458 eadem
506 3389 669 3484 Ὗεγιιοάο,
695 3387 873 3459 damnatas
902 3389 1036 3485 publice
1061 3391 1267 3462 detestentur
1289 3400 1317 3455 et

272 3500 567 3576 anathematizent.
588 3504 751 3600 Idemque
771 3506 804 3574 in
822 3520 994 3600 posterum
1012 3508 1220 3603 quicumque
1229 3509 1261 3578 in
1266 3528 1317 3600 pa·

272 3621 455 3710 triarchas,
480 3621 660 3716 primates,
681 3621 965 3716 archiepiscopos,
990 3623 1234 3718 episcoposque
1248 3643 1315 3716 pro·

271 3735 452 3822 movendi,
475 3735 508 3804 in
532 3736 643 3830 prima
670 3735 802 3830 synodo
822 3735 1020 3830 provinciali
1045 3738 1078 3806 in
1103 3763 1171 3832 qua
1193 3737 1255 3832 ipsi
1273 3736 1316 3804 in·

272 3853 465 3938 tccfnerint‚
487 3851 629 3922 omnino
650 3852 871 3952 observent.»

301 3976 366 4066 ¹Cu
386 3965 499 4038 (lieret
524 3967 575 4036 fut
598 3966 800 4064 obligatoicc
828 3993 919 4062 pour,
933 3967 981 4038 les
1002 3966 1165 4064 premiers
1184 3963 1316 4038 conciles
1410 4039 1411 4051 χ

272 4084 492 4178 provincianis
521 4081 670 4156 celebris
693 4083 790 4178 apris
816 4083 901 4152 celui
929 4071 1132 4172 de'l'tcnte,
1154 4085 1236 4154 mais
1257 4105 1314 4150 non

272 4226 358 4294 pour.
389 4199 435 4290 les
463 4200 625 4270 suivants.
662 4197 887 4294 L’obligntion
909 4215 998 4294 yest
1020 4199 1173 4272 decianae
1195 4221 1315 4296 penna·
