2804 5022
303 475 372 548 ²7²
654 455 844 522 raotstimr
871 473 1009 520 asarta.

301 587 542 672 eclesiasticis
540 602 773 698 exequendis,
795 601 838 670 ad
856 601 985 696 apicem
1007 599 1224 695 episcopatus,
1243 597 1323 668 idest

301 747 318 784 a
334 717 378 788 ad
401 717 515 814 satagui
536 719 627 788 Petri
641 719 753 790 sedem
772 717 895 790 debere
911 741 970 788 vos
991 713 1115 790 referte
1134 715 1323 811 cognoscitis,

269 834 457 936 *chorum
478 834 647 906 auctori...
666 838 768 906 Deo.
775 833 984 948 ‚gratiarum
1004 829 1215 903 multimodas
1233 827 1327 902 retuli·

230 991 233 998 ·
302 981 319 1018 a
334 977 410 1022 mus
432 952 595 1022 actiones.
615 981 632 1017 a

348 1073 400 1141 Ge
421 1093 505 1163 pape
524 1067 687 1162 reproche
708 1069 841 1138 ensuite
860 1093 924 1138 aux
947 1065 1099 1162 &requos
1104 1061 1159 1138 rie
1169 1091 1204 1154 uc
1213 1061 1327 1134 concile

301 1184 430 1254 cl'avoir
447 1183 572 1279 deposci
590 1183 764 1272 aromate,
779 1185 907 1279 quoiqu
909 1182 942 1253 ’it
962 1182 1019 1253 eut
1033 1180 1110 1278 de'ja
1126 1161 1190 1267 fait
1195 1178 1283 1276 eppei
1294 1202 1327 1247 au

300 1301 508 1396 saint-siege,
529 1300 683 1395 ajoutant
696 1325 776 1394 que,
795 1299 918 1395 quand]
931 1301 1039 1368 meme
1057 1297 1081 1367 it
1100 1297 1242 1368 n'aurait
1253 1294 1329 1389 point

301 1418 361 1487 tait
374 1431 428 1487 cet
450 1414 568 1512 appel,
588 1414 628 1486 its
643 1417 799 1486 auraient
814 1415 877 1505 da,
901 1429 1003 1486 avartt
1022 1415 1063 1484 de
1086 1415 1160 1485 rien
1182 1412 1330 1494 executor,

299 1547 483 1605 soumettre
500 1530 575 1602 leur
583 1531 763 1627 jugement
777 1557 820 1602 au
834 1529 1047 1627 saint-siege,
1062 1530 1132 1601 afin
1148 1556 1212 1626 que
1223 1527 1254 1598 le
1266 1547 1332 1621 pon·

300 1651 360 1721 tife
379 1649 512 1720 romain
533 1649 696 1724 informat
722 1648 763 1718 de
782 1675 956 1739 nouveau,
981 1647 1031 1718 s’it
1049 1647 1082 1718 lc
1100 1648 1229 1746 jugeait
1245 1641 1331 1727 utile,

301 1781 335 1837 et
355 1767 508 1836 nommait
526 1765 583 1836 des
596 1767 716 1862 juges:

349 1882 524 1952 «Etiamsi
550 1905 725 1976 nunquam
746 1879 982 1968 reclamasset,
1004 1905 1245 1978 nunquamque
1265 1873 1355 1947 sedis'

302 1995 529 2094 «apostolicae
556 1999 764 2068 mentionem
794 1998 946 2086 fecisset,
972 2025 990 2068 a
1016 1999 1110 2068 vobis
1137 1999 1196 2096 qui
1221 1978 1335 2065 causam

301 2116 406 2210 «ejus
433 2115 662 2205 examinastis,
687 2117 851 2184 memoria
872 2116 977 2210 sancti
995 2117 1088 2185 Petri
1108 2111 1266 2185 honorari
1288 2107 1337 2176 de·

301 2259 318 2294 a
336 2230 455 2300 buerat
471 2245 574 2326 atque
589 2255 619 2300 er
610 2231 794 2327 perscribi
814 2247 865 2323 ut,
887 2257 913 2300 sr
905 2231 1101 2328 judicaret
1126 2223 1338 2300 renovandum

282 2377 317 2422 ,a
331 2373 403 2421 esse
418 2347 600 2443 judicium,
620 2363 843 2419 renovaretur
861 2363 894 2418 et
912 2348 1008 2417 daret
1023 2347 1171 2443 judices.
1191 2379 1206 2412 n

347 2446 381 2536 11
395 2491 486 2537 casse
503 2466 634 2536 ensuite
654 2481 729 2536 tout
751 2491 789 2536 ce
808 2491 854 2562 qu
856 2465 954 2537 'avait
974 2465 1034 2538 fait
1054 2492 1093 2536 ce
1110 2463 1253 2537 concile.
1272 2429 1388 2557 Jstr

299 2583 429 2672 mond,
451 2597 479 2653 t.
486 2586 567 2671 111,
587 2609 621 2677 p
642 2580 726 2653 205
732 2583 745 2677 j

348 2699 467 2787 Enfin,
485 2698 622 2773 Nicolas
641 2697 702 2789 1³,
723 2699 808 2769 dans
821 2725 857 2768 sa
876 2699 975 2769 lettre
997 2677 1182 2792 Quamuis,
1207 2690 1341 2768 adresse'e

306 2813 367 2888 i'an
389 2813 458 2885 865
477 2815 495 2884 ὲ
509 2830 586 2885 tous
603 2813 648 2884 les
660 2814 805 2911 e‘veques
819 2816 861 2886 de
874 2821 1018 2904 France,
1038 2832 1174 2887 montre
1187 2822 1344 2886 comment

301 2929 332 3000 la
352 2931 543 3026 deposition
558 2930 638 3000 d'un
655 2933 783 3026 eaeque
801 2947 850 3009 est
865 2959 907 3003 au
925 2934 1072 3029 premier
1084 2933 1168 3004 chef
1180 2959 1247 3004 une
1260 2947 1344 3001 cause

303 3049 465 3142 majeure,
487 3061 521 3117 et
535 3063 706 3117 comment
721 3073 782 3144 par
795 3047 1004 3144 consequent
1023 3048 1089 3120 elle
1103 3075 1147 3120 ne
1168 3065 1250 3146 peut
1268 3042 1345 3116 avoir

302 3162 369 3233 lieu
397 3189 474 3233 sans
502 3162 533 3232 ie
554 3164 730 3260 jugement
757 3166 802 3254 du
827 3163 1039 3262 saint-siege,
1066 3165 1136 3237 lors
1157 3168 1274 3259 ,meme
1293 3182 1347 3255 que

301 3276 451 3374 Fereque
470 3278 590 3350 accuse
604 3281 678 3350 n’en
703 3281 900 3378 appellerait
916 3307 975 3378 pas
994 3307 1036 3352 au
1059 3284 1196 3378 pontife
1219 3277 1346 3352 romain.

359 3425 375 3460 a
391 3399 484 3465 Inter
510 3395 719 3467 beatissimos
748 3397 940 3494 apostolos,
968 3399 1055 3468 sicut
1081 3375 1114 3468 et
1139 3398 1199 3469 itte
1220 3414 1348 3491 magnus

298 3514 402 3581 «Leo
429 3511 567 3602 scribit,
602 3513 896 3585 insimilitudine
927 3513 1069 3586 lionoris
1086 3513 1170 3611 fuit
1191 3509 1347 3613 quaedam

298 3655 315 3692 ι(
329 3625 494 3698 discretio
508 3631 714 3724 potestatis,
736 3645 771 3700 et
795 3655 874 3701 cum
892 3632 1047 3701 omnium
1057 3656 1132 3728 pur
1154 3645 1252 3702 esset
1269 3625 1345 3697 elec·

289 3772 316 3846 Ιι(
334 3745 396 3829 tie,
424 3744 488 3814 uni
505 3759 625 3815 tanton
647 3743 771 3815 datum
796 3757 847 3817 est
870 3763 910 3818 ut
935 3747 1071 3818 caetert's
1087 3747 1348 3844 praeemineret.

297 3887 313 3923 a
331 3865 388 3929 De
406 3860 611 3958 queserma
630 3864 871 3958 episcoporum
892 3887 1030 3960 quoque
1042 3879 1097 3934 est
1116 3879 1199 3934 orta
1216 3859 1351 3932 destinc-

300 3977 406 4045 atio:
426 3989 462 4044 et
482 3999 616 4074 inagna
637 3974 872 4074 dispositione
885 3979 1063 4073 provisam
1091 3995 1143 4050 est
1167 4005 1216 4048 ne
1239 3974 1351 4047 onam

299 4089 403 4162 «sibi
424 4092 545 4160 (tannia
569 4090 814 4178 vindicarent,⁶
835 4091 901 4165 sed
917 4112 1033 4166 essent
1053 4097 1090 4165 in
1108 4093 1265 4194 singulis
1273 4113 1349 4190 prc-

299 4237 316 4271 e
332 4210 455 4279 alarcila·
472 4207 606 4306 satagat?
619 4233 766 4306 quorum
778 4210 1015 4309 interficitur
1028 4209 1224 4283 haberetur
1230 4208 1345 4311 priam
