2804 5022
294 453 366 534 236
434 517 437 524 .
635 459 828 527 rastaldus
849 477 995 526 ‘annana

292 637 308 672 a
328 607 428 677 tionis
451 607 738 678 visitationem...
753 609 854 678 Viros
869 573 1034 701 qdosdam
1052 607 1191 677 mittatis
1208 603 1317 675 uuani-

292 753 309 788 (ι
328 749 421 812 mes,
439 725 497 818 qui
514 723 564 793 vel
580 723 777 794 dissidentes
799 725 888 794 inter
910 738 1184 819 sacompoaant,
1204 721 1250 791 vel
1265 719 1317 790 Dei

288 867 307 908 ,a
326 838 480 910 ecelesias
498 839 664 911 reducant
687 839 728 910 ad
752 841 935 910 amicitiam
939 893 1002 910 .....
1020 841 1094 910 Nisi
1109 840 1178 935 jam
1194 837 1233 908 ad
1246 833 1320 920 'atie-

293 955 466 1024 «rendam
486 981 583 1049 opem
603 956 823 1042 moveamini,
839 958 929 1028 intra
943 955 1170 1052 paucos'dies,
1188 977 1259 1022 cum
1277 975 1321 1018 ras

293 1101 310 1134 «
330 1097 447 1140 omnes
471 1074 504 1140 in
532 1071 665 1141 haeresi's
679 1087 887 1168 :potestatem
905 1073 1033 1144 fuerint
1050 1071 1209 1159 redactas,
1229 1092 1322 1162 neque

291 1216 309 1252 a
327 1189 450 1281 quibus
471 1190 652 1284 porrigatis
664 1213 802 1258 manum
817 1189 990 1258 inventuri
1003 1189 1094 1259 estis.
1113 1219 1131 1255 o
1147 1189 1322 1282 (Constant,

290 1329 323 1398 r·
341 1301 438 1401 475)

698 1530 740 1592 Ve
761 1515 935 1594 GIECLE.

340 1763 424 1834 L’an
442 1765 524 1860 407,
547 1787 634 1832 nous
654 1788 779 1858 voyons
806 1762 853 1833 les
867 1760 1010 1856 evaques
1036 1760 1093 1832 des
1118 1759 1245 1832 Gauies
1259 1783 1326 1828 eon·

293 1877 451 1948 salter.le
472 1875 665 1971 saint-siege
683 1903 742 1948 sur
759 1877 907 1948 diverses
922 1877 1113 1972 questions,
1138 1892 1172 1946 et
1191 1875 1220 1946 ia
1243 1873 1327 1942 lettre

289 1995 338 2064 du
362 1993 492 2090 pontife
507 1994 659 2083 romain,
672 1994 731 2088 qni
748 2009 799 2064 est
818 2019 860 2062 eu
879 1994 986 2062 mdme
1003 2006 1112 2086 temps
1131 1990 1162 2062 la
1180 1990 1272 2062 lettre
1284 2011 1329 2081 sy·

293 2109 417 2182 nodale
434 2110 479 2180 dn
497 2108 626 2181 concile
643 2125 724 2181 tenu
741 2112 760 2180 a
780 2114 908 2198 Rome,
931 2107 1006 2180 leur
1032 2107 1148 2178 donne
1175 2107 1233 2181 des
1250 2103 1327 2172 de'ei·

294 2227 403 2313 sions,
430 2251 472 2296 en
493 2224 550 2314 les
566 2237 721 2296 as'snrant
745 2223 842 2320 qu'ils
862 2251 905 2296 ne
926 2223 1133 2320 s’dgareront
1158 2247 1217 2318 pas
1235 2245 1274 2290 en
1291 2217 1330 2286 ies

294 2344 435 2413 suivant.
989 2359 995 2363 ·
1388 2419 1389 2426 ¹

340 2489 357 2522 a
375 2461 465 2550 Quia
488 2486 556 2530 non
577 2457 776 2554 explorandi
795 2483 917 2546 causa,
938 2457 995 2528 sed
1010 2456 1089 2527 fidei
1103 2451 1331 2526 confirmanda
1388 2448 1389 2524 i

293 2605 309 2640 a
329 2577 458 2671 gratia,
477 2575 668 2647 sanctitudo
685 2589 796 2645 vestra
815 2572 961 2644 essedis
982 2572 1176 2669 apostolicae
1195 2568 1331 2642 auctori·

297 2723 313 2755 a
334 2708 401 2762 tate
417 2693 580 2762 sciscitari
596 2692 734 2786 dignata
751 2705 821 2779 est,
834 2715 893 2760 seu
914 2689 996 2786 legis
1008 2690 1183 2760 scientiam
1201 2711 1258 2760 sen
1276 2700 1331 2752 tra·

291 2809 496 2896 aditiones,
531 2807 647 2877 volens
673 2833 690 2876 a
712 2807 809 2876 nobis
833 2805 1039 2876 manifestari
1073 2804 1212 2876 liberius
1228 2825 1332 2898 ·qnaes·

182 2995 184 3000 .
291 2925 458 2994 «tionum
494 2925 743 3018 propositarum
781 2924 1045 3016 expositionem,
1079 2946 1186 3016 quam
1217 2921 1331 2990 sincere

248 3067 250 3070 ·
288 3070 304 3103 a
323 3043 473 3134 quaeritis
501 3056 533 3108 et
557 3040 784 3110 desideranter
813 3037 949 3127 audire,
979 3053 1146 3134 quantum
1173 3032 1331 3132 supplebit

291 3184 307 3218 a
330 3153 444 3224 divina
458 3155 622 3250 dignatio,
641 3154 717 3224 iicet
737 3154 899 3226 mediocri
917 3179 1083 3242 sermone,
1104 3153 1218 3224 valido
1233 3167 1332 3222 tamen

293 3299 309 3336 a
332 3295 432 3342 sensu
461 3269 602 3365 eloquar
605 3323 663 3341 .....
690 3273 725 3342 Si
752 3295 833 3366 ergo
858 3272 990 3366 integra
1014 3271 1137 3366 cupitis
1167 3269 1234 3340 fide
1250 3279 1332 3338 veras

290 3415 307 3450 a
326 3386 577 3458 observationes
595 3410 788 3482 agnoscere,
805 3387 993 3482 dignamini
1013 3412 1088 3480 qnae
1109 3386 1186 3456 dico
1200 3385 1333 3456 libenter

291 3532 308 3567 a
327 3502 509 3572 advertere.
527 3534 542 3568 a
557 3503 760 3598 (Collection
777 3503 819 3574 de
838 3501 1036 3586 Dalalaade,
1051 3527 1082 3597 p.
1101 3503 1173 3597 ra.)
1240 3567 1243 3572 .

340 3621 436 3690 Saint
451 3623 632 3716 'Augustini
644 3632 764 3692 atteste
781 3646 850 3715 que
870 3619 921 3690 ¹les
940 3619 1087 3690 concites
1111 3621 1152 3690 de
1177 3619 1333 3711 Carthago

282 3750 323 3806 -et
345 3736 386 3806 de
405 3737 529 3806 Mittite
548 3737 682 3806 avaient
707 3733 834 3831 envoyai
857 3734 948 3806 leurs
967 3751 1058 3806 actes
1073 3761 1115 3806 au
1135 3745 1226 3832 pape
1242 3739 1333 3804 [nno

247 3927 250 3934 Δ
292 3866 370 3919 cent
385 3849 442 3921 1⁶¹3
467 3850 481 3944 (y
495 3853 625 3922 Contra
643 3849 728 3920 duas
750 3851 849 3945 epist.
863 3849 987 3946 Peiag,
1002 3849 1023 3920 l.
1040 3876 1074 3938 2,
1092 3875 1172 3945 cap.
1188 3851 1223 3938 5,
1243 3849 1280 3919 n⁰
1298 3869 1331 3943 73

293 3966 371 4037 e'dit.
387 3959 444 4036 des
460 3963 597 4054 Be‘ntid,
615 3981 638 4037 t.
655 3972 706 4054 X,
722 3963 874 4062 p.·l‡35.)
939 4003 944 4010 ·

340 4087 403 4154 Les
427 4083 516 4152 dena
541 4081 656 4152 lettres
682 4082 724 4156 de
746 4107 787 4153 ce
802 4108 888 4178 pape
907 4085 926 4152 a
944 4107 999 4160 ces
1020 4084 1165 4180 coneiles
1183 4091 1334 4158 attestant

290 4225 370 4291 que,
386 4199 443 4270 des
457 4197 505 4268 les
528 4214 634 4293 temps
649 4197 694 4270 les
710 4198 954 4293 plastenciam,
963 4225 1007 4270 on
1023 4225 1041 4270 a
1057 4199 1198 4294 regardo
1210 4217 1330 4270 eommr
