2822 4986
196 508 400 570 bursonam
418 517 632 570 conrosnnr
652 520 694 568 nn
713 517 970 588 concinnare.
1049 499 1115 578 115

77 643 236 722 d'exercer
264 675 396 721 aucune
419 650 619 746 juridiction
650 675 708 721 sur
733 649 781 721 les
808 652 972 748 primatu,
995 679 1033 724 ce
1059 658 1115 752 qui

78 793 197 864 prouve
215 766 312 863 qu’ils
334 767 545 864 regardaient
569 769 773 839 eux-rndmes
791 766 865 840 leur
888 769 966 840 titre
987 795 1118 843 commu
1240 785 1242 790 '

77 900 248 982 purenrent
263 883 491 980 honorifique.
538 903 540 908 ’

120 1005 182 1074 Ces
201 1002 279 1071 faits
298 1015 333 1072 et
350 999 398 1072 les
416 1001 684 1072 rnisonnemo‘nts
703 1008 770 1096 qud
789 990 897 1074 bisait
911 1001 1018 1074 valoir
1032 1003 1118 1074 dans

77 1144 107 1189 sa
130 1117 345 1188 dissertation
373 1115 404 1186 le
428 1116 603 1186 canonista
634 1117 788 1188 Pitonius
814 1119 1044 1188 entralnerent
1073 1119 1118 1192 les

77 1236 165 1308 Pares
189 1234 236 1304 du
254 1231 384 1304 concile
399 1231 440 1302 de
454 1234 562 1302 Rome
577 1233 619 1304 de
641 1230 752 1332 17253
775 1230 815 1302 ils
838 1233 1034 1330 ddcidlrrent
1052 1262 1118 1338 que

78 1351 353 1444 lesarchevdques
371 1375 449 1422 sans
468 1348 673 1445 suffragatus
692 1376 735 1422 ue
755 1353 939 1446 pouyaieut
956 1376 1017 1448 pas
1031 1354 1121 1422 tenir

45 1487 48 1494 '
77 1469 113 1540 ds
129 1465 277 1540 oonuiles
298 1467 530 1562 pmviuuiaux.
549 1466 648 1538 Voini
681 1464 711 1535 le
734 1481 823 1538 tento
846 1465 889 1536 de
914 1493 952 1538 ce
977 1468 1117 1540 ddsrot:

76 1587 256 1680 ecumque
272 1583 359 1677 juris
376 1581 614 1655 tantummodo
633 1585 675 1654 rit
695 1582 896 1677 majoritatis
914 1597 950 1655 et
966 1588 1119 1682 proemi-

86 1703 227 1772 anentiae
246 1698 584 1794 metropolitanorum
600 1699 811 1793 provinciam
825 1698 857 1768 el
872 1701 1047 1796 episcnpds
1057 1701 1119 1771 s'lbi

76 1833 135 1887 «et
146 1813 419 1910 metropolitanae
434 1812 1033 1911 ecclesiaesuffragantoshabentium,
1049 1841 1121 1913 pro·

75 1961 89 1995 κ
102 1931 256 2004 vincinlia
273 1929 415 2002 concilia
430 1955 561 2030 cogere,
572 1955 646 2027 quae
659 1933 781 2001 merito
794 1933 1027 2029 episcoporum
1039 1957 1123 2004 con-

76 2066 219 2120 «ventus
243 2046 469 2144 appellantur,
487 2045 703 2116 decernimus
724 2048 848 2117 idcirco
872 2064 906 2117 et
925 2073 965 2118 ex
981 2045 1121 2144 ¹concilii

77 2164 291 2235 «Tridentini
311 2179 422 2232 mente
446 2161 655 2232 declaramus
680 2161 764 2231 nulli
788 2162 919 2233 licuisse
943 2190 1004 2234 nec
1022 2163 1122 2234 licere

78 2281 357 2376 «archiepiscopo
372 2280 431 2373 qui
448 2277 622 2374 provincia
638 2279 853 2373 et'episcopis
870 2295 981 2348 careat
1003 2279 1124 2349 suffra-

77 2399 238 2492 «gsnsiu‚
259 2387 322 2466 sub
345 2409 509 2491 praetextu
528 2411 667 2490 quoquo
686 2385 778 2489 qdod
796 2395 935 2464 abbates
955 2394 1066 2464 adsint
1089 2398 1123 2466 in

78 2516 173 2610 relus
195 2514 338 2584 dimensi
355 2512 501 2606 exempti
516 2532 593 2581 cum
608 2511 780 2580 territorio
797 2509 951 2606 separato
966 2525 999 2585 st
1019 2501 1125 2606 judo

78 2631 285 2702 «dictionem
312 2630 409 2724 quasi
437 2626 660 2726 episcopalem
688 2627 883 2717 habentes,
917 2619 1125 2723 provintialis

82 2747 285 2819 susnuilium
302 2746 382 2818 solis
400 2769 477 2816 cum
496 2743 613 2815 iisdem
629 2743 808 2813 abbatibus
827 2741 1016 2814 celebrare:
1032 2742 1123 2838 quod

80 2865 128 2933 «si
149 2859 294 2952 lecerit,
312 2888 382 2933 non
406 2859 670 2958 prouincialem,
691 2859 748 2936 sod
771 2859 993 2930 dioeeesunam
1011 2860 1124 2955 potius

79 2982 266 3076 «synodum
294 2978 557 3075 nuncupandam
584 2978 658 3047 fore
685 2997 885 3062 aunsemus3
912 2990 951 3046 ac?
982 2975 1126 3072 proinde

80 3121 160 3168 «neo
184 3097 296 3176 talem¹
316 3093 626 3189 archiepiscopum,
645 3093 689 3162 nd
709 3092 942 3163 Tridentlrtam‘
963 3105 1000 3161 ut
1021 3103 1124 3186 supra

81 3215 313 3284 «sanationem
337 3208 588 3306 exequendam,
609 3210 644 3278 in
673 3206 975 3304 metropolitanum
1003 3209 1046 3278 ab
1062 3224 1125 3277 er*

82 3329 227 3425 «emptis
246 3328 331 3422 ipsis
346 3323 424 3422 eligi
444 3347 543 3421 posse
565 3323 744 3394 delinimus
756 3323 822 3422 (1).
838 3356 856 3390 κ

111 3579 146 3647 (ι)
163 3580 286 3648 Timet),
301 3575 382 3649 obap.
394 3595 420 3633 a.
441 3573 545 3640 coleti,
560 3583 580 3628 t.
593 3569 672 3640 XXI,
687 3591 713 3645 p.
726 3573 805 3645 1867.

508 3880 678 3904 ..ψ
