2844 5028
267 407 486 476 ornaremus
508 418 553 476 tm
577 431 728 478 concine
752 433 871 500 raom,
888 433 962 480 err..
1062 413 1135 508 429

21 589 22 600 η
107 543 219 640 aliare,
235 553 382 646 Fagnen,
393 557 489 650 apres
504 553 535 626 le
549 559 723 630 canoniste
735 557 875 646 d’Ostie,
885 583 985 654 pense
999 557 1136 658 qu’eiics

20 713 21 750 3
107 676 172 729 sont
184 660 363 738 seulement
366 665 533 764 fierendoe
546 674 733 743 sententiae
740 701 754 760 ;
768 691 802 745 et
815 673 837 744 it
854 699 896 742 en
911 689 959 746 est
975 674 1135 746 demente

20 815 21 828 κ
105 774 153 846 des
170 779 344 873 minantes,
360 786 418 882 qui
436 805 641 860 concernent
659 788 706 860 ies
723 789 936 888 suffragante.

583 1034 628 1103 ΙΙ.

455 1200 543 1250 Contre
556 1196 590 1248 les
601 1197 766 1266 stessragunts.'

135 1378 149 1414 a
167 1352 200 1422 Si
216 1351 383 1451 aegrotans
397 1357 572 1452 episcopus
587 1355 710 1443 fuerit,
724 1369 783 1425 aut
797 1353 909 1450 aliqua
928 1379 1005 1426 eum
1021 1358 1132 1452 gravis

93 1471 297 1541 «necessitas
309 1471 503 1560 detinuerit,
517 1497 580 1567 pro
594 1497 627 1542 se
642 1471 788 1568 legatum
812 1468 854 1542 ad
873 1471 1038 1567 synodum
1053 1475 1132 1543 mit-

91 1595 178 1673 «tat,
197 1611 258 1657 nec
273 1613 292 1658 a
306 1590 545 1660 commuuione
566 1588 804 1684 suspendatur.
821 1616 838 1653 n
856 1585 915 1684 (C.
936 1613 968 1678 1,
981 1611 1081 1660 causa
1097 1587 1131 1679 5,

92 1721 120 1790 a·
136 1698 184 1796 3·)

130 1817 174 1885 Ce
194 1843 306 1889 canon
324 1843 472 1918 suppose
487 1846 567 1916 que,
585 1846 662 1891 sans
676 1819 952 1916 l’empdchement
971 1819 1132 1917 legitime,

88 1923 225 2028 i’e'neque
251 1937 312 2031 qui
335 1961 432 2008 nese
453 1937 586 2008 rendait
599 1963 658 2033 pas
680 1961 723 2007 au
742 1935 870 2008 concile
887 1938 971 2008 etait
993 1963 1129 2008 excom-

87 2046 201 2120 munte.

120 2192 135 2228 a
148 2167 269 2263 Siquis
282 2170 517 2266 episcoporum
529 2171 757 2240 commonitus
771 2195 791 2240 a
803 2168 1074 2266 metropolitano,
1087 2171 1129 2242 ad

87 2284 300 2375 «synodum,
317 2283 411 2355 nulla
433 2287 527 2382 gravi
547 2286 776 2356 intercedente
793 2287 990 2356 necessitate
1008 2313 1129 2383 corpo·

87 2394 183 2486 «reli,
194 2405 314 2471 venire
333 2403 588 2497 contempserit,
607 2403 694 2472 sicut
711 2415 835 2470 statuta
855 2403 992 2470 Patrum
1011 2428 1130 2472 sanxe-

85 2536 99 2574 t
116 2531 212 2607 runt,
235 2516 403 2612 usquead
422 2517 575 2588 futurum
588 2516 768 2588 concilium
789 2529 988 2585 cunctorum
1004 2518 1131 2612 episco-

85 2653 98 2684 τι
111 2653 231 2722 porum
262 2633 439 2704 charitatis
465 2633 704 2706 communione
723 2633 917 2729 privetur.»
940 2632 1054 2727 (Dist.
1074 2635 1130 2726 18,

82 2765 107 2811 c.
129 2747 196 2844 14.)
744 2753 748 2760 ’

124 2892 139 2926 a
166 2865 201 2934 si
234 2865 415 2962 episcopus
443 2865 721 2962 metropolitauus
753 2864 796 2934 ad
832 2863 1130 2960 comprovinciales

81 2982 286 3078 «episcopos
308 2981 466 3080 epistolas
478 2983 641 3052 direxerit
656 2981 693 3051 in
710 2981 834 3075 quibus
851 3005 908 3050 eos
933 2979 1052 3050 autad
1077 3007 1131 3050 or-

80 3118 94 3152 a
110 3091 323 3167 dinationem
342 3101 464 3169 summi
481 3096 652 3194 pontificis
674 3111 733 3166 aut
753 3095 796 3165 ed
816 3095 980 3191 synodum
1001 3095 1131 3185 invitet,

79 3235 93 3268 t
110 3215 312 3308 postpositis
328 3215 485 3284 omnibus
499 3215 515 3300 '(
533 3229 669 3310 excepta
689 3213 782 3308 gravi
803 3213 998 3282 infirmitate
1011 3225 1132 3308 corpo-

77 3327 151 3396 «ris
175 3345 237 3399 aut
257 3307 481 3426 preceptione
497 3331 605 3424 regia)
625 3329 668 3400 ad
681 3331 904 3398 coustitutum
917 3328 1004 3398 diem
1018 3328 1133 3400 adesse

78 3467 175 3512 «non
198 3445 373 3516 differant.
392 3445 495 3536 Quod
514 3447 540 3515 si
564 3445 755 3534 defuerint,
785 3445 871 3513 sicut
891 3445 998 3538 prisca
1027 3469 1130 3532 cano·

75 3583 89 3618 a
108 3584 190 3630 tium
212 3563 376 3658 praecepit
397 3564 600 3650 auctoritas,
624 3585 733 3654 usque
755 3558 798 3628 ad
820 3561 1008 3654 proximam
1028 3583 1131 3654 syno-

75 3701 90 3736 a
104 3674 184 3746 dum
206 3705 227 3748 a
251 3679 416 3749 charitate
432 3677 573 3748 fratrum
588 3691 620 3748 et
636 3675 792 3746 Ecclesiae
803 3675 1041 3744 communione
1055 3676 1131 3769 pri-

75 3816 89 3850 «
105 3808 246 3865 ventur.
267 3825 284 3860 n
304 3793 419 3891 (nist.
443 3794 498 3880 18,
518 3821 548 3866 e.
580 3793 648 3891 13.)

119 3905 496 3982 L'excoinmunication
522 3911 605 3980 dont
629 3908 649 3977 it
674 3925 722 3979 est
747 3904 840 4002 parle'
859 3907 942 3978 dans
962 3931 1015 3976 ces
1041 3906 1128 3978 deux

76 4023 231 4096 derniers
253 4051 381 4098 canons
398 4053 440 4096 ne
459 4027 580 4122 privait
599 4049 658 4120 pas
677 4023 823 4119 i'r'eveque
837 4025 896 4118 qui
917 4049 959 4092 cn
977 4023 1057 4092 etuit
1075 4037 1130 4092 at-

72 4142 155 4214 teiut
171 4143 217 4214 dc
237 4143 268 4212 ta
285 4141 489 4214 celebrationi
505 4141 549 4216 de
565 4140 596 4212 la
608 4165 713 4213 messe
728 4154 760 4210 ct
778 4138 820 4212 de
838 4138 869 4212 le
882 4137 1054 4242 'reception¹
1070 4138 1127 4212 des
