2910 5038
269 435 340 509 580
610 443 811 521 ctuQurbnn
837 461 979 507 enarra.

268 607 389 662 sumat.
429 563 631 662 Nullatenus
667 591 768 661 etiam
803 615 870 660 una
905 588 1047 661 ecclesia
1080 591 1169 660 mter
1204 591 1321 687 plures

264 707 447 779 dividatur.
466 706 589 780 Nullus
624 723 717 778 extra
735 707 909 779 ecclesiam
936 709 971 777 in
1000 706 1082 778 locis
1108 734 1181 780 non
1207 737 1324 782 conse·

239 827 367 918 'cratis
395 824 551 896 celebret.
585 824 705 896 Nullus
724 824 863 895 alterius
890 825 1156 920 parochianum,
1185 830 1253 897 nisi
1275 828 1325 899 iti·

264 955 458 1030 nerantem,
490 957 524 1011 et
552 958 633 1014 tuuc
664 942 707 1011 de
733 942 876 1012 rectoris
903 943 953 1010 sui
977 941 1129 1032 licentia,
1162 943 1206 1014 ad
1230 971 1324 1014 com·

265 1060 463 1129 munionem
481 1060 633 1155 recipiat.
657 1056 780 1130 Nullus
800 1059 835 1126 in
856 1055 994 1128 alterius
1014 1061 1173 1154 parochia
1193 1062 1324 1156 absque

264 1175 393 1270 proprii
413 1175 596 1247 sacerdotis
620 1174 753 1245 licentia
773 1175 909 1244 missam
933 1172 1091 1246 celebret.
1110 1179 1150 1246 In
1163 1176 1326 1280 ¹celebra-

262 1292 366 1381 tioue,
386 1294 529 1388 quisque
544 1289 684 1362 calicem
700 1307 734 1361 et
751 1289 861 1360 oblata
881 1316 950 1360 non
969 1292 1097 1362 circulo
1115 1307 1175 1364 aut
1194 1294 1325 1389 digito-

262 1435 338 1480 rum
356 1409 592 1496 vacillatione,
608 1426 648 1481 ut
671 1408 808 1502 quidam
826 1406 975 1494 iaciunt,
995 1409 1052 1478 sed
1070 1408 1199 1505 junctis
1215 1425 1250 1480 et
1269 1435 1327 1480 ex·

262 1527 364 1596 tensis
390 1527 503 1622 digitis
528 1551 628 1598 cruce
651 1529 780 1621 signet,
812 1527 925 1620 sicque
951 1526 1262 1600 benedicat-catix
1290 1543 1328 1598 et

260 1659 382 1738 patena
402 1643 469 1713 sint
487 1644 591 1730 aurei,
607 1641 660 1712 vel
675 1643 845 1740 argentei,
864 1667 933 1713 non
947 1644 1044 1729 terei,
1064 1659 1126 1714 aut
1142 1643 1327 1715 aurichal-

260 1760 330 1851 cei,
346 1761 462 1848 vitrei,
483 1758 535 1830 vel
558 1759 677 1857 lignei.

309 1878 463 1972 Quisque
490 1879 663 1973 presbyter
687 1875 848 1946 clericum
873 1876 1013 1964 habeat,
1032 1877 1085 1948 vel
1113 1879 1325 1970 scholarem,

236 2045 238 2050 ·
259 1995 408 2089 quicum
427 2020 467 2064 eo
481 1993 626 2089 psalmos
635 2010 764 2082 cantet,
782 1992 957 2089 epistolam
970 2009 1005 2064 ct
1018 1991 1200 2067 lectionem
1217 1996 1325 2092 legat,

258 2126 292 2180 et
311 2111 347 2180 in
365 2110 465 2180 missa
484 2110 697 2206 respondeat.
718 2113 794 2206 Ipse
817 2135 953 2207 qnoque
972 2113 1147 2208 presbyter
1165 2113 1326 2185 infirmos

261 2227 389 2315 visitet,
404 2243 437 2297 et
455 2227 669 2318 reconciliet,
688 2245 722 2299 et
738 2228 835 2321 juxta
852 2226 1044 2322 apostolum
1064 2231 1201 2326 propria
1217 2257 1326 2302 manu

261 2344 510 2435 communicet,
539 2342 614 2414 oleo
640 2359 756 2414 sancto
795 2344 949 2438 inungat.
984 2343 1107 2417 Nullus
1141 2365 1326 2442 praesumat

263 2459 393 2530 tradere
412 2461 689 2531 communionem
702 2459 787 2530 laico
806 2475 866 2530 aut
882 2458 1027 2530 foeminae
1043 2460 1085 2530 ad
1100 2460 1325 2535 deferendum
1361 2504 1364 2512 ·

260 2579 408 2650 infirmo.
429 2577 553 2652 Nullus
574 2603 637 2673 pro
657 2575 867 2673 baptizandis
887 2575 1073 2647 infantibus
1094 2577 1163 2648 sive
1182 2579 1323 2674 adultis,

259 2696 328 2766 sive
357 2695 500 2765 infirmis
528 2691 808 2782 reconciliandis,
857 2708 917 2763 aut
946 2696 1089 2765 mortuis
1121 2694 1322 2790 sepeliendis

257 2812 433 2907 praemium
456 2808 507 2881 vel
527 2836 650 2880 munus
674 2810 797 2905 exigat.
822 2812 889 2878 Per
906 2807 1148 2905 negligentiam
1171 2827 1319 2883 vestram

260 2927 374 2999 nullus
400 2928 512 2999 infans
535 2929 607 2998 sine
630 2927 818 3022 baptismo,
844 2942 877 2996 et
904 2925 1040 2996 adultus
1068 2928 1139 2997 sine
1165 2954 1321 3000 commu-

260 3045 360 3115 nione
377 3062 513 3140 pereat,
526 3042 650 3115 Nullus
666 3059 815 3114 vestrum
833 3043 888 3114 sit·
900 3043 1052 3114 ebriosus
1066 3061 1126 3116 aut
1139 3043 1320 3154 litigiosus.

258 3159 383 3232 Nullus
397 3186 488 3231 arma
505 3161 602 3231 ferat.
631 3155 754 3233 Nullus
768 3185 890 3231 canum
910 3175 970 3230 aut
981 3164 1094 3230 avium
1104 3161 1191 3254 jocis
1206 3163 1318 3233 inser·

258 3277 338 3347 viat.
347 3275 472 3350 Nullus
485 3279 519 3347 in
535 3277 684 3346 tabernis
695 3276 802 3346 bibat.
818 3276 973 3370 Quisque
988 3292 1136 3347 vestrum
1152 3295 1320 3372 quantum

256 3393 344 3489 sapit
358 3393 399 3462 de
412 3390 596 3489 Evangelio
610 3392 781 3460 dominico
793 3404 828 3460 et
844 3393 972 3461 caeteris
982 3392 1109 3462 festivis
1121 3393 1240 3464 diebus
1253 3421 1320 3466 suae

255 3505 345 3601 plebi
359 3507 550 3580 annuntiet.
565 3507 718 3576 Verbum
732 3506 872 3575 Domini
883 3506 1075 3600 praedicate.
1089 3509 1215 3578 Curam
1232 3535 1317 3606 pau·

257 3647 388 3717 perum,
399 3627 670 3721 peregrinorum,
682 3623 862 3694 viduarum
879 3638 913 3692 et
928 3624 1163 3721 orphanorum
1178 3627 1313 3716 habete,

256 3742 414 3838 ipsosque
426 3743 622 3838 peregrinos
637 3739 679 3822 ad
693 3739 875 3835 prandium
889 3755 1039 3810 vestrum
1053 3758 1181 3812 vocate.
1198 3745 1315 3812 Estote

254 3856 456 3952 hospitales,
482 3855 555 3926 aliis
580 3853 701 3924 exinde
729 3854 859 3922 bonurn
892 3853 1081 3949 exemplum
1112 3856 1313 3950 praebentes.

253 3972 401 4067 Singulis
435 3973 554 4042 diebus
584 3969 782 4057 dominicis,
809 3985 888 4038 ante
916 3972 1072 4058 missam,
1099 3997 1222 4066 aquam
1248 3995 1314 4065 qua

253 4088 398 4181 populus
417 4105 632 4186 aspergatur,
653 4086 860 4188 benedicite,
882 4087 1039 4182 adquod
1056 4113 1113 4158 vas
1134 4089 1311 4184 proprium

250 4201 381 4273 habete.
400 4209 487 4274 Vasa
508 4231 599 4275 saera
617 4219 649 4273 et
671 4203 872 4272 vestimenta
887 4203 1110 4274 sacerdotalia
1134 4204 1240 4274 nolite
1255 4229 1310 4273 ne·
