2806 5026
313 479 385 566 418
650 481 861 562 Qulrmlmc
887 499 1026 550 enarra.

312 654 352 698 ce
379 629 493 698 decret
517 629 574 698 stt
603 628 633 699 la
663 629 781 700 valeur
803 629 905 701 d’une
930 631 1093 702 indiction
1116 623 1249 727 spdciale
1268 651 1339 725 pour

312 743 442 840 chaque
461 743 548 815 fois:

361 890 378 926 a
393 859 541 958 Singulis
560 859 824 955 provincialibus
841 861 992 932 conciliis
1007 863 1107 933 tertio
1122 887 1252 958 quoque
1264 885 1340 932 antio

309 1000 349 1045 ex
367 977 439 1074 ipsa
460 977 658 1053 Tridentino
681 978 856 1076 sanctione
870 977 1089 1067 celebrandis,
1111 1004 1185 1074 quae
1202 977 1340 1063 indicere,

310 1119 496 1164 convocare
523 1108 558 1164 et
579 1091 748 1164 celebrare
767 1095 823 1190 j'us
847 1088 1102 1190 metropolitani
1123 1110 1192 1185 est,
1214 1119 1272 1165 uos
1285 1080 1358 1162 cer·¹

308 1228 377 1283 tam
399 1211 488 1281 diem
518 1211 552 1279 in
577 1224 748 1304 posterum
781 1210 978 1302 indicimus,
1004 1210 1215 1281 decernimus
1238 1228 1269 1280 et
1288 1225 1340 1279 sta·

306 1321 444 1413 tuimus,
458 1322 574 1396 leriam
593 1321 724 1394 scilicet
736 1325 903 1421 quintam,
918 1327 994 1422 quae
1008 1301 1170 1398 ai²ascl1a
1185 1332 1341 1398 Romnae·

305 1445 407 1515 tionis
424 1441 564 1513 Domini
580 1441 642 1510 sub
662 1441 795 1511 tertiam
813 1437 1013 1512 dominicam
1036 1442 1144 1532 cadit,
1161 1457 1338 1536 certumque

303 1563 384 1631 item
414 1557 546 1644 locum,
572 1581 694 1652 nempe
725 1573 874 1628 nostram
902 1556 1083 1629 ecclesiam.
1105 1559 1213 1630 beatae
1238 1559 1337 1630 illaria

302 1675 455 1770 Virginis
477 1673 615 1743 nomine
642 1689 907 1768 nuncupatam...
933 1674 1014 1767 Ejus
1040 1690 1154 1746 autem
1179 1659 1335 1747 constituti

275 1792 492 1868 *conciliaris
515 1790 580 1859 diei
602 1805 636 1860 et
655 1789 719 1859 loci
741 1805 843 1885 atque
875 1790 958 1859 adeo
981 1789 1114 1860 concilii
1140 1789 1334 1886 provincialis

301 1909 517 1979 indictionem
535 1907 676 1975 omnino
697 1921 803 1975 ratam
820 1905 1022 2001 firmamque
1036 1932 1107 1976 esse
1127 1906 1292 1993 volumus,
1303 1929 1333 1974 ac

300 2026 371 2117 sine
385 2021 448 2092 alia
465 2020 515 2091 vel
531 2020 719 2090 litterarum
735 2021 1001 2117 significatione,
1017 2021 1069 2122 uel
1085 2023 1189 2094 edicti
1203 2019 1332 2120 promul·

299 2140 452 2240 gestione,
471 2135 521 2207 vel
538 2136 606 2207 ulla
623 2133 686 2208 alia
707 2127 967 2207 denuntiatione
981 2153 1042 2209 aut
1061 2139 1201 2236 nuntio,
1220 2117 1330 2209 tactim

300 2256 431 2326 roboris
448 2281 487 2326 ac
507 2255 717 2324 auctoritatis
737 2254 778 2324 ad
801 2253 976 2350 episcopos
993 2281 1032 2326 ac
1047 2255 1197 2350 reliquos
1216 2253 1329 2351 quosvis

284 2353 414 2442 ¹omnes
433 2397 472 2465 ac
493 2370 660 2466 singulos,
678 2371 735 2465 qui
755 2371 789 2439 lu
806 2369 1006 2465 provinciali
1026 2371 1175 2444 concilio
1185 2367 1328 2442 Mediola-

297 2491 410 2578 nensi,
434 2512 647 2584 quacumque
667 2473 942 2557 ratione'adesse
964 2501 1107 2584 possunt
1128 2505 1188 2560 aut
1208 2488 1328 2566 debent,

296 2630 484 2701 quorumve
506 2600 631 2698 aliquid
653 2603 808 2689 interest,
824 2601 1012 2671 monendos
1033 2627 1074 2672 ac
1090 2600 1324 2683 convocandos,

295 2723 419 2793 habere
440 2719 506 2802 hoc
531 2717 668 2787 decreto
687 2717 869 2806 sancimus,
893 2713 1070 2812 quamtum,
1086 2718 1145 2790 illa
1168 2745 1239 2818 qua
1258 2713 1325 2785 imii-

295 2835 392 2918 ceruli
408 2821 557 2930 ejusdem
571 2831 932 2928 concilii'provincialls
948 2835 1035 2904 ratio
1050 2833 1174 2906 litteris
1185 2831 1324 2905 etnuntio

294 2940 473 3048 edictoque
490 2948 627 3046 publico
644 2949 835 3020 adhibetur.
853 2979 869 3016 >›

343 3074 442 3142 Cette
457 3082 616 3136 coutume
632 3065 674 3133 de
693 3066 775 3134 faire
794 3057 981 3135 l'indictiou
998 3069 1042 3136 ou'
1065 3066 1179 3162 ijour
1199 3067 1259 3138 llxe
1272 3083 1323 3133 une
1384 3074 1388 3083 “

189 3217 193 3229 ·
296 3187 360 3256 lois
378 3209 467 3283 pour
487 3195 614 3269 tontes,
635 3205 679 3249 ou
700 3179 783 3250 dans
804 3182 934 3276 chaque
953 3181 1081 3252 concile
1105 3206 1194 3286 pour
1212 3182 1240 3253 le
1260 3205 1322 3251 con-

293 3292 360 3404 cile'
380 3301 524 3384 suivant,
542 3323 560 3366 a
586 3293 638 3364 dte
657 3294 833 3391 pratiqut'se
855 3323 916 3398 par
938 3297 1106 3403 plusieurs
1124 3316 1234 3370 autres
1257 3299 1320 3392 pro

294 3417 414 3490 vinces.
434 3420 481 3486 Le
496 3407 623 3482 concile
637 3411 678 3480 de
700 3412 813 3480 Reims
831 3411 873 3480 de
898 3406 988 3483 1583
1004 3412 1043 3483 lit
1061 3437 1102 3483 ce
1119 3430 1242 3484 statut:

341 3565 357 3599 a
375 3535 422 3602 Ea
446 3544 580 3626 peracta
595 3529 729 3622 (nempe
748 3527 875 3622 synodo
894 3529 1110 3625 provinciali)
1127 3531 1168 3599 de
1187 3511 1257 3598 loco
1268 3525 1319 3595 die

1219 3626 1222 3634 ι

291 3682 308 3718 «
327 3675 392 3753 que
417 3642 524 3724 futuri
548 3643 681 3714 concilii
706 3642 920 3738 provincialis
944 3645 1155 3717 decernatur.
1182 3678 1199 3712 n
1216 3643 1317 3740 (Odes-

292 3795 375 3865 pun‚
392 3774 423 3860 p:
449 3759 565 3860 250.)

340 3887 388 3952 Le
406 3877 534 3948 concile
552 3875 593 3944 de
612 3873 789 3945 Bordeaux
807 3875 847 3944 de
865 3871 896 3944 la
913 3877 1022 3946 meme
1037 3879 1156 3965 annee,
1173 3894 1315 3946 nonaru-

290 4002 412 4071 lement
432 4020 516 4066 nous
535 3993 664 4062 fournit
682 4017 727 4061 un
752 3991 902 4086 example
919 3992 960 4060 de
983 3990 1014 4062 la
1036 3996 1143 4062 meme
1160 3993 1310 4088 pictique,

288 4091 376 4188 mais·
390 4137 476 4185 nous
495 4123 613 4198 atteste
629 4133 694 4202 que
713 4121 801 4178 cette
819 4109 973 4204 pratique
992 4110 1080 4177 avait
1099 4109 1216 4202 depuis
1231 4104 1310 4195 long·

288 4255 393 4336 temps
418 4232 513 4328 passe
540 4253 582 4298 eu
606 4242 767 4331 coutume
785 4250 793 4298 t
813 4230 1018 4300 «Postrema
1037 4225 1168 4328 concilii
1188 4226 1310 4297 sessione
