2804 5022
205 465 354 514 nouerca
372 465 477 515 aaut.
494 465 563 517 aaa
581 465 742 519 aternus
759 465 806 515 an
825 448 978 514 aeruca
1051 442 1129 542 '2¹59

106 591 205 669 riraire
231 592 443 690 apostolique
468 592 551 666 dans
579 591 611 668 la
637 593 749 682 Sicile,
767 619 809 667 eu
828 619 863 671 se
893 594 1064 734 re'aerraut
1083 597 1129 685 les

103 733 198 780 causes
219 711 411 811 majeurea·

139 825 324 902 «Mandata
344 824 490 899 coelestia
513 825 682 897 efficacius
701 826 848 925 gerimus
867 827 895 899 si
916 843 1029 900 nostra
1052 854 1129 905 oum

101 940 278 1020 «Fratribus
298 967 401 1015 onera
418 944 617 1038 partiamur.
631 941 777 1015 Proinde
795 968 895 1040 super
916 959 1053 1026 cuneum
1072 946 1131 1018 Si-

99 1055 361 1132 ssiliaeeeclasias
372 1057 685 1132 reverendissimum
699 1071 732 1130 te
747 1058 854 1137 virum
869 1059 1129 1150 Maximianum,

13 1185 15 1250 ξ
97 1171 252 1246 «fratrem
270 1189 303 1246 et
323 1177 561 1272 coepiscopum
581 1188 760 1261 nostrum,
776 1173 869 1244 vices
888 1173 974 1246 sedis
991 1191 1130 1272 aposto-

97 1313 110 1349 a
124 1283 185 1358 lirae
199 1288 392 1367 ministrare
403 1287 640 1390 decernimus:
654 1299 693 1354 ut
715 1281 948 1380 quisquis-illic
961 1285 1131 1382 religionis

98 1400 236 1472 «habitu
250 1417 417 1487 censetur,
430 1397 634 1473 fraternitati
657 1413 723 1480 tuae
740 1424 781 1468 ex
797 1413 913 1468 nostra
930 1402 1132 1488 auctoritate

14 1581 15 1600 χ
96 1517 281 1611 «subjaceat
297 1543 305 1585 :
320 1531 488 1613 quatenus
509 1517 556 1586 eis
577 1516 706 1584 nonsit
725 1515 949 1586 necessarium
966 1529 1042 1614 post
1061 1517 1132 1592 haee

95 1657 107 1692 ι
119 1655 174 1726 pro
196 1632 345 1728 parvulis
364 1633 406 1704 ad
427 1658 489 1707 noa
505 1625 615 1701 causis
642 1645 738 1700 tanto
762 1631 865 1698 maris
890 1631 999 1726 spatio
1023 1647 1131 1701 trans*

15 1757 17 1800 ἱ
94 1775 106 1810 ι
118 1750 256 1828 meando
264 1751 452 1848 pervenire.
465 1748 531 1818 Sed
546 1748 659 1843 siquae
672 1745 1133 1828 sortassedifficiliaeuistunt

16 1874 20 1885 '
93 1890 106 1924 ‘t
118 1889 185 1962 quae
204 1864 426 1937 fraternitatis
445 1880 510 1936 tuae
532 1863 662 1960 judicio
686 1886 899 1958 nequaquam
919 1862 1031 1932 dirimi
1047 1889 1133 1959 pos-

93 1979 192 2066 nsint,
214 1981 285 2050 haec
306 1980 523 2050 solummodo
545 1994 698 2050 nostrum
717 1979 884 2072 judicium
903 1980 1056 2076 flagitent
1072 2008 1079 2051 ι
1095 1999 1133 2053 ιιι

38 2120 43 2128 ’
93 2095 280 2166 «sublevati
297 2097 339 2165 de
362 2098 531 2185 minimis,
552 2097 587 2165 in
615 2096 724 2165 nausis
751 2096 935 2190 majoribus
961 2097 1134 2170 efficacius

90 2235 324 2308 «occupemur.
342 2215 437 2308 Quas
455 2212 610 2287 videlicet
628 2214 716 2289 vices
732 2236 803 2282 non
822 2209 896 2290 loeo
908 2213 964 2294 sed
980 2241 1131 2316 personae

92 2330 309 2410 atribuimus.
331 2328 503 2425 ι(ΒιιΙΙιιι
523 2333 639 2416 Rom,
656 2343 739 2402 tom.
757 2334 880 2422 I,pag.
898 2328 1043 2425 96f)

131 2444 206 2519 L’an
219 2444 305 2543 595,
328 2445 359 2521 le
378 2448 486 2523 mima
499 2471 584 2541 pape
603 2444 742 2517 e'orivait
762 2469 781 2518 a
802 2443 946 2570 Virgile,
966 2447 1130 2526 archave-

17 2621 18 2624 ,
91 2583 148 2652 que
167 2560 316 2640 d':Arles

105 2680 201 2748 «Si
221 2703 290 2772 qua
318 2703 399 2748 vero
425 2675 599 2772 inquisitio
614 2676 656 2746 de
673 2675 740 2758 fide
758 2627 848 2748 velf
830 2675 970 2749 fortasse
988 2677 1130 2757 aliarum

95 2817 230 2869 ererum
252 2796 340 2872 iuter
361 2795 535 2890 episcopos
557 2817 658 2869 causa
683 2794 874 2879 emerserit,
890 2818 965 2888 quae
983 2795 1129 2879 discerni

94 2909 285 2985 «difficilius
301 2911 428 3005 possit,
454 2908 603 2982 collectis
626 2909 804 2983 duodecim
831 2910 995 3004 episcopis
1022 2915 1128 2991 venti·

96 3023 227 3116 aletur,
251 3043 354 3122 atque
384 3025 570 3110 decidatur.
605 3026 640 3096 Si
665 3040 777 3106 autem
797 3024 905 3103 decidi
926 3028 1128 3123 nequiverit,

96 3140 266 3214 «discussa
295 3143 435 3224 veritate
460 3142 504 3212 ad
532 3156 685 3214 nostrum
713 3140 883 3235 judicium
910 3141 1125 3228 referatur.»

93 3254 265 3348 (sirmond,
285 3262 419 3346 tom-1,
439 3260 629 3356 raa-tu.)
1031 3339 1035 3344 .

135 3377 224 3448 Dans
237 3401 275 3445 sa
293 3374 392 3454 lettre
409 3401 475 3457 aux
490 3375 634 3469 eveques
650 3373 709 3444 des
722 3373 858 3463 Gaulos,
873 3373 905 3448 le
921 3377 1027 3454 meme
1043 3405 1127 3475 nepe

96 3483 258 3586 s’erprime
276 3491 360 3569 daus
378 3488 408 3561 le
425 3491 532 3569 meme
547 3515 645 3562 sens:

137 3609 320 3702 «Siquam
340 3633 418 3683 vero
433 3610 739 3680 contentionem...
764 3607 805 3677 de
822 3607 900 3679 fidei
922 3634 1022 3682 causa
1048 3638 1129 3681 eve·

99 3723 192 3793 «nire
215 3724 414 3818 contigerit,
436 3739 497 3794 aut
517 3725 692 3820 negotium
716 3724 889 3794 emerserit
908 3725 1004 3818 cujus
1032 3731 1130 3798 vehe-

13 3897 14 3902 ,
99 3861 213 3910 cneus
229 3841 272 3911 sit
295 3839 437 3918 fortasse
463 3840 637 3928 dubietas,
668 3855 701 3910 et
730 3865 791 3936 pro
818 3841 869 3910 sui
896 3841 1131 3936 magnitudine

99 3976 113 4010 t
124 3950 241 4042 judicio
254 3954 546 4049 sedisapostolicae
559 3955 721 4050 indigeat,
736 3955 924 4032 examinata
936 3956 1132 4051 diligentius

100 4071 277 4161 «ueritate,
294 4069 457 4152 relatione
476 4095 535 4143 sua
560 4070 601 4140 ad
622 4085 770 4143 nostram
794 4071 929 4152 studeat
947 4073 1129 4168 perducere

922 4223 970 4276 17.
