2806 5026
237 443 508 514 coucrns'raov.
530 463 599 514 ria
618 465 784 514 nirroar
801 465 850 514 tu
863 464 889 514 s.
904 445 1016 516 sides.
1093 443 1164 543 389

118 585 171 660 ubi
182 591 687 685 oportuitemeudata.Curabis
703 607 825 686 utquae
843 593 896 688 pie
909 594 1163 691 prudenterque

116 707 249 778 decreta
260 721 363 801 atque
375 708 551 779 emendata
564 725 662 797 sunt,
677 711 722 779 ita
745 723 780 778 ut
802 725 882 778 sunt
897 711 1084 798 emendata,
1103 738 1165 784 nec

114 821 223 907 aliter,
247 822 392 894 edantur
393 875 450 894 .....
476 829 603 894 Datum
625 830 741 897 Romae
746 878 806 896 .....
820 825 882 906 ¹die
911 823 1025 896 5maii
1054 825 1160 918 1586,

113 938 330 1034 pontificatus
347 940 452 1008 nostri
476 965 567 1010 anno
581 941 738 1010 secundo.
752 969 768 1006 a
783 939 972 1033 (Odespnm
987 967 1019 1036 p,
1033 939 1133 1040 507.)

160 1060 277 1126 Lettre
298 1053 344 1122 du
368 1053 519 1138 cardinal
538 1055 685 1146 Caralis,
702 1081 746 1125 au
774 1081 853 1125 nom
871 1055 911 1124 de
931 1053 962 1125 la
980 1058 1165 1156 congrega·
1282 1113 1285 1120 ·

110 1166 185 1252 tion
206 1170 270 1252 ,des
297 1170 728 1268 cardinem-interpretes:
757 1201 774 1238 κ
792 1171 1078 1244 Reverendissime
1106 1176 1166 1246 do·

109 1288 203 1358 mine
232 1287 281 1358 uti
309 1283 434 1376 frater,
465 1287 631 1383 synodum
663 1285 902 1384 provincialem
930 1312 1031 1382 quam
1066 1290 1165 1362 isthic

107 1398 302 1498 amplitudo
338 1417 395 1472 tua
427 1402 548 1474 habuit
580 1419 614 1474 et
641 1403 683 1472 ad
710 1402 958 1474 sanctissimum
990 1402 1165 1476 dominum
1195 1445 1199 1455 ·

108 1531 265 1589 nostrum
290 1518 398 1608 misit,
417 1520 491 1613 ejus
510 1520 699 1590 sanctitatis
715 1518 811 1612 jussu
831 1519 989 1588 viderunt
1008 1515 1164 1590 illustris·

107 1635 186 1705 simi
209 1633 396 1704 cardinales
417 1637 476 1728 qui
496 1634 631 1706 concilii
648 1634 838 1705 Tridentini
858 1633 1046 1705 executioni
1064 1649 1166 1730 atque

46 1759 49 1768 '
107 1751 382 1845 interpretationi
402 1753 575 1847 praepositi
593 1766 693 1821 sunt:
718 1777 790 1822 eam
810 1751 874 1845 ipsi
896 1749 1073 1844 diligenter
1091 1776 1166 1846 per·

106 1866 259 1962 legentes
277 1891 316 1935 ac
330 1880 463 1936 mature
480 1867 745 1955 consideranteS‚
764 1891 833 1936 non
851 1866 1034 1936 admodum
1059 1866 1163 1936 multa

105 1986 312 2052 invenerunt
340 2007 415 2078 quae
443 2008 513 2052 non
536 1985 731 2078 probarent.
759 1985 875 2072 Quare
892 1981 933 2051 ad
954 1980 1047 2052 illam
1064 2009 1162 2078 syno·
1258 2027 1266 2041 ·

105 2099 191 2168 dum
220 2099 326 2192 ipsam
353 2123 444 2168 nunc
467 2099 608 2193 jubente
637 2098 755 2171 eodem
782 2099 990 2170 sanctissimo
1025 2097 1165 2167 domino

105 2230 229 2284 nostro
252 2215 478 2303 remittentes,
503 2214 646 2310 paucula
665 2216 837 2311 quedam,
867 2239 942 2308 quae
962 2228 1165 2284 notaverunt

105 2333 140 2400 in
160 2329 281 2426 synodi
297 2329 463 2424 predictae
479 2333 641 2426 margine,
658 2346 696 2400 ut
713 2331 852 2418 videbis,
867 2327 1087 2400 describenda
1107 2354 1165 2398 eu·

104 2446 272 2519 ravimus.
303 2446 458 2535 Quarum
486 2447 698 2516 notationum
726 2443 1015 2540 exemplum-cum
1045 2444 1097 2512 his
1121 2443 1165 2512 ad

103 2589 181 2634 eam
206 2561 326 2632 litteris
347 2564 525 2657 separatim
552 2587 622 2632 esse
645 2561 829 2647 voluimus,
851 2575 890 2629 ut
916 2558 1061 2654 synodus
1081 2558 1164 2653 ipsa,

103 2679 164 2774 pia
184 2676 418 2770 amplitudinis
438 2692 504 2746 tuae
524 2703 626 2770 opera
648 2691 682 2746 et
703 2675 834 2761 studio,
857 2673 900 2744 ad
920 2675 1068 2769 ipsarum
1092 2675 1165 2743 ani-

103 2787 388 2862 madversionum
402 2793 687 2888 praescriptionem
708 2806 820 2887 aptata
841 2790 963 2862 edatur
977 2803 1078 2884 atque
1093 2815 1167 2859 exe-

102 2909 239 2982 cutioni
258 2909 439 2980 mandetur
442 2963 500 2980 .....
519 2913 654 2997 Romae,
674 2909 765 2994 eliel}
783 2907 863 2976 maii
885 2904 984 2978 1586.
1004 2936 1020 2971 o
1040 2903 1167 3003 (Odes-

103 3052 195 3126 pun‚
215 3049 249 3119 p.
265 3023 364 3119 508.)

157 3140 300 3214 Concita
315 3138 359 3212 de
377 3140 548 3212 Toulottse
567 3165 611 3210 eo
632 3137 735 3238 1590.
753 3143 870 3210 Lettre
883 3138 929 3210 de
939 3137 1166 3235 publication

101 3259 170 3330 des
181 3273 292 3328 actes.
305 3295 346 3310 -
360 3261 460 3328 «Hoc
472 3257 617 3351 denique
630 3255 677 3353 (le
689 3255 819 3326 concile
834 3254 935 3350 qu’on
951 3254 1081 3352 public)
1096 3281 1168 3351 gra-

102 3375 245 3450 vissima
266 3375 545 3468 sanctissimaque
566 3371 750 3468 apostolica
770 3372 856 3442 sedis
877 3373 1061 3471 auctoritas
1075 3397 1167 3442 com·

100 3490 280 3588 probavit.
299 3488 465 3587 »(lb1‘d.,
487 3515 521 3584 p.
550 3487 677 3583 1322.)
774 3489 776 3492 ’

159 3605 304 3678 Conct'le
323 3603 367 3676 de
390 3605 582 3677 Narbonae
600 3604 643 3675 de
667 3603 772 3702 1609.
795 3645 843 3658 -
865 3605 1127 3698 «Quaecumque
1147 3629 1166 3672 a

103 3723 209 3794 nobis
235 3748 298 3816 pro
319 3746 461 3802 munere
484 3736 602 3791 nostro
626 3736 659 3789 et
686 3720 818 3814 injuriae
848 3721 1010 3813 temporis
1035 3721 1166 3789 ratione

100 3839 235 3920 habita,
248 3852 380 3908 mature
390 3839 573 3906 constituta
588 3851 681 3926 suut,
695 3861 773 3930 qua,
789 3837 821 3904 in
833 3836 896 3904 hac
912 3849 1026 3904 nostra
1036 3837 1166 3930 syuodo

102 3955 258 4050 legitime
280 3967 499 4048 congregata,
518 3953 679 4034 dehemus
705 3950 895 4021 humilitate
920 3951 1165 4022 etobedientia

103 4093 303 4165 possumus,
322 4068 521 4142 sanctissimi
537 4069 664 4138 ‹louiini
685 4067 790 4138 nostri
807 4092 900 4162 papae
914 4082 949 4138 et
962 4082 1084 4148 satietas
1100 4073 1166 4139 Ro·
