2806 5026
287 425 357 500 338
629 435 821 501 raorsrenr
848 453 986 500 naaria.

337 609 355 644 e
372 582 502 650 Verum
521 603 599 648 cum
617 575 741 650 Paulus
756 607 797 650 ex
811 580 959 676 episcopi
979 579 1081 650 domo
1098 578 1169 675 ejus
1186 577 1310 649 ecclesie
1334 559 1337 568 ‚

284 697 422 792 propria
444 695 534 766 exire
554 694 672 784 nollet,
692 697 876 792 imperator
887 695 1100 783 Aurelianus,
1114 723 1151 767 ea
1167 697 1205 765 de
1220 720 1252 764 re
1263 719 1314 762 ro-

285 826 382 908 gatus
406 812 617 899 sententiam,
632 812 839 882 sanctissime
859 812 945 908 ⁸quid
972 829 1058 883 esset
1075 812 1235 909 agendum
1250 835 1313 880 san-

284 924 375 998 civit.
398 929 561 1023 Praecepit
581 928 673 997 enim
690 943 727 998 ut
744 927 864 999 domus
880 927 1028 999 ecclesiae
1049 927 1113 1000 illis
1133 929 1315 1000 tribueretur

283 1045 409 1138 quibus
437 1041 612 1122 christiani
640 1041 744 1119 ltalioe
772 1059 807 1115 et
834 1043 928 1117 urbis
954 1045 1071 1117 Romae
1103 1044 1244 1140 episcopi
1268 1066 1316 1136 per

282 1159 409 1230 litteras
427 1158 642 1229 tribuendam
665 1160 936 1255 praescriberent.
965 1162 1022 1232 Sic
1051 1162 1187 1231 demum
1211 1157 1316 1230 Paulus
1390 1213 1391 1232 .

282 1303 358 1358 cnm
383 1301 517 1352 summo
543 1273 707 1355 dedecore
734 1275 903 1351 secularis
928 1277 1059 1374 imperii
1092 1303 1131 1360 ae
1161 1275 1317 1376 potestatis

280 1393 482 1467 auctoritate
496 1392 539 1462 ab
553 1388 703 1464 Ecclesia
719 1392 856 1486 penitus
877 1393 1079 1468 extruditur.
1104 1391 1185 1484 Quo
1197 1391 1317 1488 quidem

282 1507 543 1606 temporetalem
558 1523 673 1578 ettam
691 1508 841 1604 benigne
857 1508 1045 1579 animatum
1060 1535 1138 1604 erga
1158 1535 1218 1579 nos
1229 1511 1319 1578 Aure·

282 1626 394 1698 lianus
407 1652 441 1696 se
465 1623 657 1695 declaravit.
675 1653 691 1690 e
708 1624 799 1715 (Lib.
821 1651 855 1728 7,
876 1650 951 1722 cap.
976 1625 1149 1721 additium
1167 1623 1320 1718 u’indique

283 1769 349 1839 que
363 1741 446 1813 Paul
463 1741 504 1810 de
520 1743 694 1811 Samosate
712 1739 770 1809 erit
790 1766 935 1826 recouru
963 1739 984 1812 a
1007 1741 1179 1813 Aurelien.
1203 1744 1253 1811 On
1272 1751 1320 1807 eut

283 1883 421 1929 recours
440 1859 457 1926 a
474 1855 522 1926 lui
534 1856 862 1951 pourfaireobtenir
878 1883 939 1926 son
954 1857 1034 1926 ellet
1049 1858 1066 1927 ὲ
1084 1856 1233 1929 l'aidedu
1255 1857 1321 1924 bras

285 1973 427 2045 seculier
445 1999 488 2043 au
506 1974 682 2068 jugement
703 1970 841 2068 synodal
863 1974 960 2067 portd
984 1989 1102 2044 contre
1127 1991 1180 2044 cet
1198 1972 1322 2068 (ireque,

284 2093 367 2162 mais
387 2117 455 2160 non
474 2115 562 2186 pour
580 2114 774 2183 convoqner
792 2113 838 2158 un
860 2104 956 2158 autre
973 2089 1111 2185 synode,
1133 2091 1152 2160 ὲ
1171 2089 1269 2161 l'effet
1289 2087 1322 2155 de

182 2241 186 2246 ·
283 2208 407 2281 revises
432 2205 465 2274 le
489 2205 645 2300 premier.
670 2201 832 2276 Aure'lien
854 2220 989 2279 montra
1010 2231 1046 2276 sa
1068 2229 1212 2302 sagense,
1231 2229 1271 2274 en
1289 2225 1323 2270 ne

285 2321 424 2405 roulant
442 2320 602 2395 accorder
621 2318 749 2415 l'appui
772 2318 814 2388 de
837 2346 899 2390 son
917 2322 995 2394 bras
1013 2319 1157 2394 seculier
1178 2347 1243 2418 que
1263 2317 1321 2388 d’a·

282 2441 360 2537 pres
378 2439 427 2514 les
448 2436 561 2508 lettres
577 2461 701 2506 venues
717 2435 758 2507 de
771 2441 889 2508 Rome.
909 2435 938 2506 ll
959 2463 980 2532 y
1000 2439 1090 2506 avait
1108 2437 1322 2510 contestation

283 2584 342 2637 sur
360 2554 391 2628 la
406 2554 529 2650 justice
546 2551 599 2632 du,
605 2552 782 2647 jugement
795 2551 894 2648 porte'
913 2568 1029 2625 contre
1052 2551 1208 2650 l’eveque
1222 2553 1262 2624 de
1274 2551 1342 2620 Sa·'

282 2689 426 2764 moesto,
443 2687 477 2742 et
493 2695 531 2744 ce
547 2667 663 2740 n'e'teit
682 2669 779 2768 pesa
801 2667 847 2740 lui
857 2722 867 2759 ,
889 2671 972 2753 mais
990 2697 1035 2762 au
1051 2672 1186 2767 pontife
1205 2669 1322 2742 romain

281 2788 469 2876 ideoider.
673 2794 676 2800 ’
796 2869 799 2876 Δ

330 2907 407 2997 Que
441 2917 587 3000 peuvent
618 2900 768 2998 allegucr
796 2903 845 2975 les
874 2905 1041 3000 partisans
1073 2905 1115 2982 de
1148 2907 1261 2978 Pierre
1289 2900 1323 2972 de

281 3019 421 3099 Marcel
439 3018 486 3090 lls
506 3045 548 3091 ne
567 3033 767 3090 trouveront
783 3033 885 3094 avant
904 3018 935 3089 le
953 3017 1081 3092 concile
1104 3020 1148 3092 de
1169 3021 1323 3113 Sardique

279 3135 383 3230 qu’un
398 3133 469 3205 seul
490 3134 612 3206 faisen
632 3131 706 3202 leur
724 3133 854 3222 faveur,
867 3149 902 3204 et
924 3161 964 3218 ce
985 3135 1046 3208 fait
1062 3151 1113 3212 est
1135 3137 1168 3208 le
1192 3137 1291 3208 crime
1308 3129 1323 3200 ’a

275 3251 397 3345 jamnis
421 3250 508 3320 ssttri
526 3247 584 3318 des
608 3245 1018 3350 he're'tiquesdonatistes.
1043 3253 1142 3324 Voici
1174 3281 1216 3324 en
1240 3245 1322 3346 quels

278 3379 399 3436 termes
417 3364 460 3456 ils
480 3365 595 3436 furent
615 3363 754 3436 accusds
775 3391 836 3460 par
863 3367 951 3436 saint
975 3371 1086 3462 Optat
1115 3369 1157 3440 de
1185 3368 1322 3442 Milere:

327 3483 504 3577 «Majores
517 3483 618 3552 vestri
638 3482 820 3571 Lucienus,
840 3483 1185 3578 Dignus‚Nassutius,
1200 3483 1321 3578 Capito,

275 3605 302 3670 F
304 3599 450 3672 identius
469 3614 501 3668 et
520 3600 643 3689 caeteri,
663 3599 899 3693 imperatorem
919 3602 1186 3673 Constantinum
1212 3601 1321 3679 harum

275 3741 388 3788 rerum
416 3715 527 3787 adhuc
553 3715 710 3811 ignarum
747 3714 802 3806 his¹
823 3713 981 3809 precibus
998 3729 1213 3810 ¹rogaverunt
1235 3741 1243 3785 ε
1268 3717 1323 3784 llo·

268 3857 405 3932 gemus,
417 3847 462 3918 te,
479 3857 500 3900 ο
516 3829 765 3918 Constantine,
788 3835 919 3924 optime
936 3831 1141 3926 imperator,
1160 3831 1321 3930 quonium

270 3948 314 4020 de
324 3971 454 4047 genere
463 3946 565 4044 justo
584 3972 634 4035 es,
644 3943 747 4039 eujus
761 3961 871 4042 pater
884 3947 977 4016 inter
996 3965 1144 4020 caeteros
1163 3951 1319 4043 impere-

251 4081 361 4149 ‚tores
371 4067 660 4160 persecutionem
679 4086 752 4132 non
767 4057 948 4153 exercuit,
961 4062 1057 4158 neh
1078 4063 1146 4152 leue
1157 4063 1319 4159 sewinum

268 4170 437 4251 immnrn'e
452 4195 506 4250 est
534 4178 665 4250 Gallia.
682 4183 780 4252 Nam
805 4179 843 4248 in
861 4177 991 4274 Afn'eu
1007 4181 1183 4253 internos
1206 4195 1243 4250 et
1258 4199 1319 4246 ena
