2804 5022
280 483 352 579 298
449 475 452 480 ’
629 485 822 553 rnorsntnnr
847 505 985 554 ninere.

326 639 386 707 lv.
414 635 513 704 Aussi
538 633 584 704 ies
609 633 819 730 theologicus
839 636 1045 708 orthodoxos
1074 637 1312 710 s’nccordentiis

281 753 299 822 i
320 749 535 822 reconnaitre
552 750 583 820 le
602 752 693 821 droit
711 751 768 822 des
784 751 902 849 eppels
920 779 963 824 ou
978 752 1313 854 saint-siege,eomne

281 866 448 939 renfermi
472 865 774 966 inseparabiernent
810 869 894 940 dnns'
925 869 956 941 ia
987 871 1202 969 prerogativis
1228 873 1266 943 de
1289 872 1314 942 in

281 987 461 1082 primenti.
828 985 832 993 ’

326 1101 413 1175 Nost
431 1101 637 1191 Alexandro,
654 1103 804 1197 quoique
820 1102 963 1198 gelliean
982 1105 1064 1176 dans
1085 1131 1138 1176 ses
1159 1106 1315 1177 doctrines

278 1217 424 1314 (eornnre
443 1242 487 1287 on
511 1220 598 1312 seit),
610 1216 639 1288 ie
651 1242 780 1314 prouve
795 1218 1122 1316 commodans
1141 1247 1177 1292 sa
1194 1218 1251 1293 28⁹
1260 1221 1315 1290 dis·

279 1336 440 1405 sertation
458 1361 515 1405 sur
529 1334 561 1403 le
574 1331 622 1404 1v⁴³
636 1334 745 1405 siecle.
822 1335 825 1338 ’

329 1483 346 1517 α
365 1457 441 1523 Hoc
459 1453 550 1547 ipso,
572 1450 683 1541 dit-il,
705 1451 798 1547 quod
817 1437 992 1524 Romanus
1014 1453 1169 1549 pontifex
1190 1469 1238 1525 est
1255 1454 1317 1549 jure

278 1570 394 1640 divino
417 1571 569 1640 omniurn
591 1571 827 1666 episcoporum
847 1570 992 1665 primus,
1017 1585 1050 1640 ot
1076 1572 1206 1642 caeteris
1228 1569 1317 1666 juris·

279 1688 426 1760 dictione
449 1687 616 1782 superior,
632 1685 787 1757 Ecclesiae
802 1701 917 1782 caput,
929 1688 1074 1758 vicarius
1094 1688 1236 1776 Christi,
1249 1712 1317 1757 con·

277 1829 419 1901 sequens
429 1819 479 1874 est
490 1817 526 1871 ut
542 1802 583 1872 ad
599 1805 708 1898 ipsum
724 1805 875 1899 episcopi
889 1828 965 1873 curn
980 1804 1138 1899 injuriam
1157 1801 1337 1902 patiuntur
1387 1814 1388 1896 t

279 1920 446 2017 appellare
468 1921 608 2016 possint.
629 1925 704 2016 lpse
720 1921 810 1989 enirn
829 1920 917 2015 juris
935 1919 1101 1991 naturalis
1122 1923 1264 2018 {equitas
1285 1919 1319 1988 ab
1387 1909 1388 1950 ³

279 2037 479 2108 inferiorum
504 2036 658 2132 judicum
684 2038 858 2106 sententiis
888 2036 930 2105 ad
955 2061 1151 2132 supremum
1185 2035 1319 2133 judicem

209 2239 212 2244 ι
278 2151 436 2250 appellari
450 2179 545 2250 posse
556 2153 662 2223 dictat
673 2169 707 2223 et
717 2153 907 2248 persuadet.
921 2155 1009 2223 Cum
1026 2154 1142 2248 itaque
1158 2159 1320 2225 Romanus

279 2269 432 2366 pontifex
452 2273 582 2339 ratione
599 2271 651 2339 sui
666 2271 831 2364 primatus
850 2271 893 2338 sit
909 2272 1063 2365 superior
1081 2271 1248 2366 episcopis
1260 2293 1321 2337 orn·

283 2387 384 2456 nibus
403 2387 534 2456 divisim
554 2389 707 2482 sumptis,
726 2401 760 2454 et
782 2385 932 2456 conciliis
947 2387 1047 2455 etiam
1066 2385 1321 2481 provincialibus
1388 2419 1389 2430 κ

280 2502 587 2600 αοιηεῒίοηαὶὶὴυῃ
607 2502 651 2572 ed
679 2501 989 2598 ipsum·appeliere
1021 2527 1118 2597 posse
1145 2506 1321 2598 episcopos,

280 2618 634 2714 metropolitanorum,
655 2619 852 2713 prirnaturn,
866 2619 1137 2713 patriarcharum
1164 2631 1225 2688 aut
1244 2641 1321 2685 con·
1389 2663 1390 2694 r

282 2735 437 2806 ciliorum
462 2738 531 2806 sive
551 2733 808 2832 provincialium
830 2735 899 2803 sive
920 2734 1166 2820 nationalium,
1184 2736 1252 2805 sive
1271 2757 1320 2828 pa·
1389 2715 1390 2720 ἵ

284 2851 513 2924 triorchaiiurn
528 2850 664 2948 judiciis
686 2851 870 2946 depositos,
897 2853 1081 2922 necessario
1100 2853 1294 2946 sequitur.»
