2806 5026
288 459 357 550 dan
630 467 836 550 oneramus
861 491 998 538 rastris.

288 631 382 686 traca
408 613 507 686 d’une
533 633 695 688 coutume
722 614 900 688 differente
926 617 1118 690 anterieure
1143 617 1162 692 t
1186 613 1326 694 celle-ll.

338 737 436 804 Cette
462 733 637 828 discipline
659 734 714 804 fut
736 735 885 829 changee
912 761 975 834 par
998 735 1029 806 le
1049 739 1184 808 sitiente
1209 739 1333 809 eotreile'

292 849 525 943 oeeumdnique
539 850 725 944 (troisieme
739 850 783 920 de
796 837 1106 950 Constantinople)‚
1125 854 1184 958 qui
1199 854 1334 924 te'duisit

293 967 311 1036 ὲ
333 991 399 1034 une
414 963 476 1036 lois
495 963 559 1034 l’au
579 963 787 1060 l’obligatiou
809 966 855 1036 du
874 967 1000 1062 synode
1022 969 1226 1064 provincial3
1250 986 1284 1040 et
1302 996 1334 1040 ee

290 1079 405 1152 decret
427 1082 480 1150 fut
500 1080 681 1152 renouvele'
703 1105 764 1176 par
785 1082 816 1151 le
835 1085 994 1178 septieme
1010 1084 1140 1156 concile
1158 1085 1334 1156 oecumtni·

290 1221 357 1294 que
375 1197 564 1294 (deuxibme
586 1198 628 1267 de
644 1198 763 1293 Niede)
775 1249 785 1287 ‚
798 1223 839 1270 eu
866 1223 919 1270 ees
938 1215 1080 1275 termes:

341 1316 548 1405 «Quoniam
571 1313 708 1409 quidem
729 1313 842 1410 regula
862 1331 1005 1412 estquae
1024 1316 1106 1386 dicit
1123 1317 1175 1386 bis
1198 1318 1233 1387 in
1253 1343 1335 1388 anno

292 1460 309 1495 α
330 1454 389 1524 per
409 1427 560 1525 singulas
580 1431 769 1525 provincias
787 1446 944 1526 oportere
966 1433 1039 1502 lieri
1058 1457 1119 1530 per
1137 1449 1336 1504 conventum

293 1540 564 1642 «episcoporum
589 1545 761 1642 regulares
785 1548 1034 1642 inquisitionem
1061 1563 1201 1646 propter
1223 1550 1336 1644 fatiga·

293 1694 311 1729 u
330 1665 474 1750 tionem,
496 1678 531 1732 et
554 1679 591 1732 ut
610 1679 801 1758 opportune
819 1664 1009 1736 habeantur
1028 1665 1070 1736 ad
1087 1667 1152 1736 iter
1173 1666 1336 1761 agendum

295 1810 311 1845 ι(
330 1781 365 1849 hi
393 1781 452 1874 qui
479 1779 708 1876 congregandi
736 1794 834 1866 sunt,
865 1779 1068 1850 definierunt
1094 1795 1195 1850 sextae
1225 1780 1336 1876 synodi

296 1925 313 1962 ι(
331 1897 437 1964 saneti
452 1899 578 1983 Patres,
598 1898 688 1966 omni
701 1897 917 1967 excusatione
937 1911 1083 1986 remota,
1099 1897 1260 1966 'omuibus
1274 1921 1337 1965 mo-

295 2038 312 2074 «
334 2010 385 2079 dis
410 2010 511 2079 semel
533 2013 567 2080 in
592 2035 683 2082 antro
711 2011 800 2100 lieri,
822 2025 856 2081 et
886 2011 1064 2105 depravata
1086 2013 1224 2107 corrigi.
1245 2017 1339 2082 Hunc

225 2189 228 2196 .
297 2155 313 2190 a
331 2151 412 2221 ergo
430 2148 592 2198 canonem
609 2144 642 2198 et
654 2151 716 2198 nos
733 2151 952 2198 renovamus:
967 2142 1002 2196 et
1015 2129 1043 2197 si
1057 2129 1237 2222 quisquam
1254 2129 1339 2222 prin·

297 2271 314 2306 a
332 2267 410 2336 ceps
426 2245 584 2312 inventus
604 2243 707 2312 fuerit
722 2243 787 2313 hoe
805 2245 1003 2337 prohibere,
1021 2245 1265 2314 communione
1281 2243 1340 2338 pri·

297 2364 443 2430 u'vetur.
464 2360 500 2428 Si
521 2361 596 2453 quis
615 2379 694 2428 vero
716 2360 1052 2454 metropolitanorum
1074 2360 1139 2429 boe
1161 2359 1339 2456 neglexerit

297 2504 313 2540 «
332 2501 431 2570 agere
449 2476 577 2571 absque
595 2477 791 2546 necessitate
813 2475 863 2546 vel
882 2477 913 2546 vi
936 2502 994 2546 seu
1013 2456 1125 2571 aliqua
1151 2475 1338 2546 rationabili

297 2621 314 2656 u
334 2594 525 2680 occasione,
542 2593 713 2662 canonicis
731 2593 836 2687 poeuis
854 2592 1035 2686 subjaceat.
1053 2595 1143 2662 Dum
1160 2607 1273 2662 autern
1289 2617 1338 2687 sy·

298 2705 315 2772 'u
334 2708 443 2777 nodus
463 2708 576 2804 agitur
597 2735 698 2804 super
719 2710 891 2780 canonicis
913 2723 947 2778 et
963 2708 1164 2806 evangelicis
1182 2710 1335 2806 negotiis,

298 2839 466 2918 «oportet
490 2840 712 2920 congregatos
735 2827 909 2920 episcopos
928 2827 962 2894 iu
984 2827 1205 2896 meditatione
1223 2842 1257 2896 et
1276 2822 1335 2895 sol·

299 2969 316 3004 ε(
337 2939 513 3010 licitudine
529 2940 601 3010 fieri
618 2939 916 3010 custodiendorum
934 2939 1127 3010 divinorum
1143 2957 1179 3012 et
1196 2940 1336 3012 vivifico-

303 3083 316 3118 τ
335 3080 409 3124 rum
423 3056 561 3124 Domini
578 3055 826 3126 mandatorum.
837 3059 1002 3126 -Porro
1014 3081 1082 3126 non
1094 3057 1216 3128 lrabeat
1227 3071 1338 3126 metro-

300 3199 316 3235 a
336 3171 504 3266 politanus
518 3171 616 3244 aliam
630 3174 773 3268 speeiem
792 3173 985 3276 expetendi.
1001 3173 1104 3262 Quod
1119 3175 1147 3243 si
1165 3175 1230 3244 hoe
1243 3173 1338 3268 egisse

300 3317 317 3350 «
333 3289 508 3358 convictus
531 3288 654 3377 fuerit,
671 3289 778 3360 solvat
795 3288 1036 3384 quadruplum.
1053 3319 1071 3355 n
1087 3291 1261 3383 (Distinet.
1285 3287 1336 3370 18,

194 3425 196 3431 ·
298 3429 371 3474 can.
394 3407 440 3500 7.)

351 3525 406 3594 Du
420 3538 529 3617 temps
546 3520 588 3593 de
605 3522 785 3608 sustines,
795 3520 840 3591 les
855 3519 918 3590 lois
933 3501 1048 3591 civiles
1062 3523 1219 3594 venaieot
1238 3523 1255 3594 b
1270 3520 1339 3614 l'ap·

300 3641 358 3734 pui
382 3639 439 3710 des
458 3639 562 3708 saints
584 3655 729 3723 canons,
749 3651 783 3706 et
804 3651 858 3706 cet
875 3663 1052 3737 empereur
1069 3640 1266 3708 sanctionna
1288 3635 1340 3706 l'o·

301 3757 464 3852 bligation
486 3755 526 3823 de
545 3781 579 3824 se
599 3752 714 3823 reurrir
729 3775 798 3824 une
819 3771 863 3824 ott
886 3751 1064 3847 deuaybtlr
1082 3753 1169 3843 l’ua,
1185 3755 1266 3824 ainsi
1282 3769 1340 3844 qne

299 3893 387 3944 nous
410 3871 440 3940 le
459 3869 562 3940 lisons
584 3869 666 3940 dans
691 3869 737 3940 les
763 3868 935 3955 Novella,
956 3868 1068 3940 collat.
1087 3895 1141 3958 m,
1164 3872 1242 3942 titre
1261 3866 1285 3940 6
1303 3861 1342 3934 de

295 3989 537 4060 stipatissimus
553 3988 745 4082 episeopis,
764 3986 864 4080 chap.
888 4011 936 4057 x:

350 4136 367 4171 a
388 4109 438 4178 Ut
456 4119 567 4174 autem
591 4105 701 4174 omnis
721 4101 965 4174 ecclesiasticus
989 4118 1097 4172 status
1120 4118 1156 4174 et
1178 4125 1277 4176 sacrae
1296 4121 1343 4167 re·

257 4269 262 4290 .
302 4253 320 4288 a
340 4224 425 4318 gulas
456 4220 635 4315 diligenter
665 4195 920 4327 custodiantur,
943 4219 1111 4313 jubemus·
1128 4238 1342 4313 unumquem-
