2910 5038
535 459 780 526 centaurus.
1111 446 1182 548 579

131 606 347 681 obsecramus
368 606 617 690 fraternitatem
640 620 807 693 vestram,
835 616 874 672 ut
896 596 970 697 quae
989 601 1084 674 vobis
1102 628 1183 700 sug-

133 723 302 818 gerimus,
321 723 491 798 memoriee
506 721 816 810 commendetis5et
829 743 930 816 opere
946 743 1100 792 exercere
1118 734 1185 795 stu·

133 839 249 912 deatis.
265 842 306 910 ln
325 839 444 935 primis
461 839 680 915 admonemus
692 853 731 910 ut
746 837 817 910 rite
836 852 871 908 et
884 836 1095 910 conversatio
1111 861 1184 936 rese

132 970 185 1027 tra
200 955 244 1031 sit
257 953 568 1050 irreprehensibilis.
583 958 625 1029 Iu
640 954 796 1044 domibus
812 953 928 1024 vestris
945 950 1102 1028 mulieres
1114 977 1186 1027 uon

133 1069 340 1146 cohabitent.
368 1070 473 1142 Omni
500 1084 600 1156 noete
629 1068 671 1140 ad
700 1081 886 1141 nocturnas
912 1069 1014 1143 horas
1040 1069 1183 1165 surgite.

133 1186 297 1261 Officium
313 1202 462 1261 vestrum
474 1186 569 1258 horis
585 1186 686 1258 certis
705 1183 894 1258 decantate.
911 1182 1035 1258 Nullus
1052 1185 1116 1257 nisi
1133 1186 1187 1280 je·

60 1351 66 1359 -
129 1303 236 1400 juuus
250 1303 384 1381 missam
398 1300 566 1394 celebret,
584 1317 618 1372 et
635 1327 704 1375 nou
725 1302 760 1376 iu
775 1300 922 1372 vestibus
938 1303 1187 1394 communibus,

135 1419 193 1490 sed
210 1420 312 1495 sacris
330 1419 514 1512 etvnitidis,
537 1417 686 1508 amictu,
706 1416 801 1507 alba,
822 1415 979 1514 cingulo,
999 1420 1187 1516 manipulo,

134 1533 223 1609 stola
241 1550 275 1611 et
295 1533 429 1628 casula,
446 1561 520 1632 quae
538 1536 583 1611 ad
602 1525 683 1606 alios
699 1561 780 1607 usus
798 1560 867 1613 nun
886 1537 1045 1609 serviant.
1067 1537 1189 1611 Missas

135 1651 290 1749 religiose
311 1651 478 1729 celebrate
503 1677 657 1749 :corpus
682 1668 715 1724 et
737 1653 937 1748 sanguinem
959 1658 1038 1726 Jesu
1062 1655 1190 1738 Christi

136 1770 277 1840 Domini
293 1770 401 1840 nostri
415 1796 491 1840 curn
511 1770 605 1842 omni
628 1771 815 1840 reverentia
834 1782 867 1840 et
887 1785 1038 1841 tremore
1055 1771 1189 1845 sumite.

137 1884 338 1983 Corporalia
366 1885 586 1962 mundissima
610 1887 689 1962 sint.
716 1890 807 1963 Vasa
832 1909 926 1960 sacra
949 1888 1095 1984 propriis
1116 1913 1190 1961 ma-

137 2003 238 2081 nibus
260 2001 403 2094 abluite,
419 2018 454 2074 et
474 2004 639 2099 extergite
658 2001 853 2100 diligenter.
872 2001 973 2084 Nulla
991 1985 1129 2087 foemina
1147 2004 1191 2077 ad
1305 2057 1312 2062 -

137 2118 543 2212 altereDominiaecedat,
559 2146 621 2195 nec
634 2118 773 2202 relicom
785 2119 924 2214 Domini
934 2135 1059 2218 tangat.
1075 2120 1193 2195 ditare

137 2238 182 2310 sit
209 2249 409 2332 coopertum
436 2236 571 2319 mundis
597 2236 729 2324 linteis,
753 2235 870 2316 saltem
897 2237 1003 2310 trihus
1029 2238 1208 2328 diversis„

139 2369 175 2427 et
193 2352 334 2450 desuper
356 2344 635 2450 nihil'ponatur,
664 2353 728 2422 nisi
758 2352 929 2446 reliquie,
956 2379 995 2422 ac
1017 2380 1069 2426 res
1091 2381 1194 2436 sacrae

91 2541 98 2552 ,
133 2475 174 2544 ‘et
197 2495 260 2566 pro
291 2469 454 2542 sacrificio
483 2486 696 2566 opportunae.
724 2468 878 2558 Missele,
909 2469 1134 2561 breviarium,
1161 2488 1195 2547 et

139 2584 424 2682 martyrologium
453 2587 685 2682 unusquisque
714 2584 847 2662 habeat.
882 2583 1040 2659 Ecclesiae
1072 2603 1192 2663 vestrm

139 2703 226 2774 bene
244 2703 312 2775 sint
330 2715 498 2798 coopertae
505 2753 516 2792 ,
541 2717 575 2774 et
595 2700 741 2784 mundae.
764 2705 804 2775 In
822 2702 982 2783 sacristiis
1000 2703 1072 2777 sive
1090 2729 1196 2779 secre-

141 2819 254 2908 tariis,
276 2835 336 2893 aut
348 2819 447 2914 juxta
468 2817 574 2896 altare
596 2817 725 2912 majus,
745 2818 788 2890 sit
809 2816 903 2893 locus
924 2837 1132 2915 praeparatus
1152 2823 1196 2894 ad

142 2933 393 3017 infundendum
404 2959 527 3030 aquam
543 2931 728 3013 ablutionis
743 2933 970 3030 corporalium
987 2951 1022 3021 et
1039 2961 1197 3018 vasorum

142 3075 317 3128 sacrorum
333 3076 373 3122 ac
389 3076 552 3124 manuum
565 3103 574 3140 ,
589 3065 772 3146 postquam
786 3043 945 3128 sanctum
954 3052 1119 3143 chrisma,
1138 3071 1198 3128 aut

142 3167 254 3240 oleum
279 3168 601 3243 cathecumenorum
628 3167 682 3238 vel
710 3168 924 3245 infirmorum
954 3175 1197 3262 tractaveritis3

143 3286 259 3380 ibique
276 3284 422 3381 pendeat
441 3311 498 3358 vas
517 3310 594 3354 eum
613 3310 701 3378 arguo
719 3285 847 3356 munde
870 3312 933 3382 pro
955 3287 1106 3363 lavandis
1127 3315 1198 3362 ma·

143 3403 245 3475 nibus
262 3401 496 3492 sacerdotum,
517 3417 550 3472 et
568 3400 714 3479 aliorum
733 3405 792 3496 qui
810 3427 880 3477 rem
900 3421 1048 3477 sanctam
1071 3422 1105 3481 et
1123 3407 1199 3481 offi-

144 3521 233 3589 cium
253 3516 407 3595 divinum
425 3532 503 3588 sunt
526 3516 717 3612 peracturi,
740 3531 772 3586 et
793 3542 916 3612 prope,
938 3516 1078 3602 linteum
1097 3547 1197 3598 ruun-

145 3634 228 3718 dum
255 3632 299 3704 ad
323 3631 395 3706 illes
421 3631 694 3728 abstergendum.
724 3633 819 3722 Atria
850 3621 996 3706 ecclesie
1022 3638 1089 3710 sint
1116 3639 1200 3709 bene
1283 3655 1284 3658 ’

145 3752 290 3825 munita.
323 3749 445 3824 Nullus
469 3754 540 3840 sine
565 3752 650 3822 scitu
674 3764 709 3820 et
728 3775 894 3824 consensu
916 3768 1032 3824 nostru
1057 3780 1116 3849 per
1142 3782 1201 3850 po·

145 3883 300 3940 testatem
316 3866 508 3942 secutarem
520 3867 694 3946 eeclesiam
706 3866 867 3944 obtineat.
886 3867 1008 3941 Nullus
1022 3869 1195 3952 ecclesiam

146 3985 309 4079 adquam
330 3983 523 4067 intitulatus
543 3999 611 4072 est,
630 3983 798 4071 dimittat,
815 4000 849 4054 et
867 3985 910 4054 ad
931 3984 1031 4056 aliam
1051 4003 1201 4082 questus

146 4101 256 4198 gretia
275 4125 310 4173 se
335 4102 526 4182 transferat.
547 4099 667 4178 Nullus
690 4097 803 4195 plures
827 4100 981 4176 ecclesias
1002 4104 1075 4176 sino
1100 4104 1202 4176 titulo

148 4233 183 4295 et
198 4231 318 4292 contre
330 4241 504 4302 sectorum
519 4240 689 4291 canonum
700 4215 937 4312 dispositiones
951 4219 1102 4292 nancisci
1119 4245 1204 4315 pra·
1298 4249 1301 4256 ·

993 4348 1042 4398 er.
