2910 5038
304 455 374 544 548
637 457 849 568 Qutrmbntp
873 473 1014 524 sturm.

302 608 401 677 verba
424 606 458 675 in
478 604 577 675 rebus
596 606 765 701 praecipue
786 604 1020 676 ecclesiasticis
1040 617 1250 702 usurpentur.
1267 606 1325 674 Nec

303 747 387 792 nova
403 719 566 792 vocabula
578 721 614 790 iu
633 721 780 793 Ecclesia
796 745 837 792 ex
852 721 1003 817 profanis
1016 722 1226 792 ethnicorum
1240 721 1326 814 scrip-

302 840 344 908 tis
365 836 592 928 invehantur,
621 863 697 932 quae
727 839 827 908 rebus
853 837 1092 909 obscuritatem
1119 833 1282 908 offendere
1302 851 1327 904 et

300 954 474 1025 catholicis
490 954 701 1025 stomachum
720 979 855 1025 morere
876 969 1023 1050 possent.

349 1077 495 1143 Domum
511 1095 587 1140 cum
601 1068 808 1167 provinciale
821 1068 1003 1141 concilium
1017 1071 1256 1142 absolvendum
1268 1072 1327 1158 erit,

299 1211 520 1283 quaecumque
546 1188 581 1255 in
609 1211 649 1256 eo
672 1189 856 1257 constituta
883 1185 1028 1276 fuerint,
1051 1213 1165 1258 coram
1191 1186 1328 1257 Patribus

299 1303 433 1375 concilii
454 1301 667 1398 relegentur3
694 1302 819 1396 quibus
844 1303 907 1372 sub
929 1302 1058 1397 judicio
1081 1319 1117 1374 et
1141 1303 1329 1374 correctione

298 1436 421 1491 sanctae
432 1415 735 1514 sedisapostolicae,
748 1443 827 1488 cum
840 1417 1115 1515 metropolitano,
1127 1418 1249 1515 reliqui
1258 1439 1330 1488 corn·

297 1533 520 1633 provinciales
536 1535 685 1631 episcopi
705 1533 929 1605 subscribent.

346 1649 420 1742 Illa,
436 1653 471 1720 in
481 1674 588 1720 unum
599 1648 759 1721 volumen
774 1650 910 1721 redacta
926 1665 1107 1749 antequam
1118 1649 1329 1749 publicentur,

296 1765 339 1836 ad
366 1768 613 1838 sanctissimum
639 1767 827 1836 Dominum
847 1781 1002 1839 nostrum
1028 1793 1105 1839 cum
1135 1769 1256 1840 litteris
1275 1791 1331 1836 rue·

298 1882 497 1978 tropolitani
516 1881 570 1953 vel
592 1883 696 1952 totius
716 1883 834 1979 synodi
864 1885 1155 1976 transmittentur,
1178 1900 1250 1956 uta
1270 1883 1331 1952 sede

295 1999 479 2094 apostolica
506 2001 734 2090 revideantur‚
767 2000 991 2096 corrigantur,
1015 2019 1119 2097 atque
1143 2003 1329 2100 probentur,

297 2114 413 2207 itaque
430 2129 582 2184 correcta
596 2114 787 2186 executioni
809 2114 1077 2187 demandentur.

345 2230 408 2299 His
423 2231 523 2300 etiam
541 2230 661 2326 subjici
677 2244 839 2327 poterunt
864 2255 904 2301 ea
922 2257 998 2327 quae
1016 2232 1059 2303 ad
1076 2233 1332 2329 promovendum

297 2345 484 2442 provinciae
502 2347 695 2444 profectum
714 2351 750 2416 in
768 2345 994 2418 ecclesiastica
1011 2348 1207 2444 disciplina,
1232 2347 1280 2418 vel
1299 2342 1333 2416 ad

297 2463 546 2548 occurrendum
575 2463 825 2559 impedimentis
858 2477 960 2559 atque
993 2465 1173 2562 periculis,
1201 2462 1333 2563 synodus

296 2578 513 2674 provincialis
544 2580 754 2651 sanctissimo
785 2580 937 2649 Domino
974 2597 1091 2652 nostro
1121 2577 1332 2678 proponenda

297 2695 546 2790 judicaverit.»
572 2698 630 2794 (ln
650 2719 663 2766 1
683 2709 815 2792 partem
839 2695 859 2768 5
883 2694 963 2766 libri
985 2697 1242 2788 Decretalium‘,
1272 2717 1323 2790 cap

297 2811 401 2884 Sicut
412 2813 514 2906 olim,
529 2813 571 2884 de
584 2811 721 2908 Aucus.)
1306 2820 1308 2828 ’
