2928 5000
272 419 319 496 28
629 413 806 481 ensurius
830 433 971 482 raama.

272 596 317 640 on
349 567 463 665 apris
484 565 516 636 le
542 561 731 660 quinzieme
756 584 867 632 canon
895 561 937 632 de
965 560 997 635 la
1025 564 1222 640 distinction
1250 570 1326 640 dix·

273 686 566 774 buitibme,cooou
578 704 621 748 en
635 702 689 746 ces
708 691 852 746 termes:
876 680 1060 776 «Propter
1081 684 1324 758 ecclesiasticas

271 828 389 874 causas
408 815 443 870 et
460 795 718 870 altercationum
733 788 920 864 solutiones
933 794 1019 866 bene
1035 796 1168 894 placuit
1182 827 1244 898 per
1256 805 1325 872 sin-

272 918 369 1016 gulas
396 912 587 1014 provincias
610 910 662 978 bis
688 909 723 978 in
749 909 1047 1011 annouconcilium
1075 915 1172 1007 lieri,
1196 944 1326 990 convo·
1403 987 1405 992 ,
1455 903 1456 916 i

272 1050 370 1106 caute
387 1027 652 1124 metropolitano
668 1025 826 1120 episcopo
849 1050 966 1096 omnes
989 1031 1216 1126 provinciales
1236 1038 1326 1132 epis-

271 1175 395 1246 copos,
415 1149 462 1220 ita
481 1160 519 1216 ut
537 1143 579 1213 ad
598 1140 780 1212 concilium
799 1142 939 1213 veniant
951 1168 1067 1216 omnes
1084 1151 1270 1247 presbyteri
1289 1168 1325 1221 et

271 1265 407 1336 diaconi
430 1260 484 1333 vel
505 1260 540 1331 hi
566 1260 625 1354 qui
648 1282 683 1327 se
702 1255 798 1326 laesos
817 1257 1029 1352 existimant;
1052 1279 1091 1334 ut
1116 1265 1154 1338 in
1176 1267 1324 1338 concilio

271 1407 380 1454 causae
400 1378 595 1450 examinatae
619 1373 662 1444 ad
678 1373 810 1470 justum
826 1373 992 1468 judicium
1012 1379 1255 1474 perducantur.
1277 1388 1326 1454 Et

271 1500 297 1569 si
324 1499 383 1593 qui
398 1494 580 1584 *manifeste
602 1489 772 1590 episcopi,
790 1489 844 1560 vel
866 1492 1079 1588 presbyteri,
1103 1513 1163 1568 aut
1188 1499 1324 1569 diaconi

245 1679 248 1684 .
271 1614 399 1684 inventi
418 1611 547 1684 fuerint
566 1606 767 1694 inoffensa,
788 1607 974 1677 secundum
999 1613 1168 1684 rationem
1186 1639 1323 1684 excom·

273 1729 570 1810 munirentur...»
601 1722 710 1818 (Diu.
742 1721 796 1812 18,
819 1747 848 1792 c.
877 1721 965 1820 15)·,
998 1723 1038 1796 3⁰
1064 1727 1096 1798 le
1122 1730 1252 1802 concile
1279 1731 1324 1802 de

270 1843 485 1928 Calcedoine,
501 1841 559 1936 qui
579 1841 711 1909 resume
726 1836 842 1934 l'objet
858 1838 917 1910 des
932 1841 1074 1936 synodes
1094 1847 1321 1943 provincianis

271 1961 355 2031 dans
379 1986 417 2030 ce
442 1971 531 2046 mot,
556 1956 597 2026 τὰ
617 1958 850 2036 ἀνακύπτοντα,
876 1981 950 2050 quae
978 1963 1195 2052 emerserint3
1230 1963 1272 2050 4⁰
1292 1962 1323 2034 le
1385 2011 1389 2018 -

270 2076 383 2168 decret
393 2075 527 2146 suivant
551 2072 754 2144 d'lnnocent
776 2073 846 2162 Ill,
866 2071 950 2142 dans
973 2072 1003 2143 le
1022 2076 1152 2148 concile
1175 2081 1325 2150 oecumd·

269 2196 372 2288 nique
388 2193 428 2262 de
445 2194 588 2276 Latmo,
604 2214 646 2258 eu
663 2185 754 2260 12¹6
770 2214 777 2256 :
802 2191 927 2259 «Sicut
942 2189 1026 2262 olim
1040 2218 1058 2264 a
1074 2197 1196 2264 sanctis
1211 2197 1325 2265 Patri·

269 2311 334 2380 laus
361 2309 514 2378 noscitur
540 2306 752 2389 institutum,
778 2304 1033 2400 metropolitani
1057 2308 1198 2405 singulis
1223 2314 1323 2381 annis

269 2452 348 2496 cum
376 2425 445 2494 suis
468 2422 688 2518 suffraganeis
711 2421 927 2515 provincialia
953 2449 1023 2494 non
1052 2428 1211 2498 omittant
1234 2453 1324 2498 con-

269 2542 343 2612 cilia
377 2540 574 2610 celebrare:
607 2539 642 2606 in
671 2537 793 2632 quibus
822 2535 863 2606 de
890 2539 1101 2636 corrigendis
1129 2544 1321 2616 excessibus

269 2675 303 2729 et
327 2658 477 2728 moribus
502 2653 742 2738 reformandis,
768 2655 956 2754 praesertim
986 2657 1022 2728 in
1044 2657 1151 2748 clero,
1179 2659 1324 2756 diligen-

271 2790 336 2844 tem
368 2774 514 2843 habeant
545 2797 621 2840 cnm
656 2771 721 2840 Dei
758 2771 879 2839 timore
910 2785 1111 2864 tractatum,
1143 2777 1323 2848 canonicas

270 2889 423 2985 regulas,
450 2889 594 2956 maxime
625 2911 700 2982 quae
735 2900 868 2956 statutae
904 2904 984 2960 sunt
1011 2892 1047 2960 in
1074 2893 1140 2962 hoc
1173 2893 1323 2988 generali

270 3004 416 3076 concilio
430 3002 528 3100 (celui
550 3003 592 3071 de
608 3005 736 3070 Latran
756 3027 834 3071 sous
849 3001 1016 3076 Innocent
1032 3011 1096 3096 111,
1117 3006 1184 3078 l’an
1200 3009 1320 3106 1216),

271 3119 456 3220 relegentes
471 3173 485 3208 ,.
516 3133 554 3190 ut
589 3143 642 3187 eas
677 3118 803 3187 faciant
838 3120 1032 3209 observari,
1063 3122 1211 3196 debitam
1235 3152 1324 3222 poe-

271 3262 349 3306 nam
377 3233 680 3330 transgressoribus
705 3233 901 3332 infligendo.
919 3263 932 3298 u
956 3236 1017 3334 (C.
1046 3242 1140 3312 sicut
1166 3240 1252 3312 olim
1277 3239 1323 3312 dc

270 3349 412 3448 accus.)
1238 3441 1240 3446 η

226 3503 228 3506 ·
319 3469 383 3540 Ces
400 3469 563 3540 autorites
575 3493 618 3539 ne
632 3468 786 3539 suffisent
799 3494 871 3564 pas,
888 3494 1019 3541 comme
1034 3496 1077 3540 on
1094 3469 1125 3542 le
1140 3475 1222 3558 voit,
1235 3499 1323 3568 pour

220 3609 223 3614 ·
270 3585 353 3657 faire
369 3587 541 3657 discernet
559 3585 660 3654 d'une
676 3584 827 3654 manibre
840 3583 968 3682 precise
982 3602 1092 3660 toutcs
1107 3587 1154 3660 lcs
1165 3590 1323 3660 mutieres

270 3702 463 3798 ausquelles
494 3701 620 3772 s’dtend
649 3701 681 3775 la
703 3702 907 3799 'juridiction
935 3702 991 3772 des
1017 3703 1322 3801 concilesprovin·

271 3821 390 3909 ciaux,
417 3821 450 3890 ni
472 3846 535 3915 par
562 3821 772 3914 consequent
801 3845 890 3915 pour
913 3813 1121 3889 determiner
1143 3819 1324 3917 complc'te·

271 3951 363 4004 ment
382 3934 456 4005 leur
475 3936 568 4032 objet
587 3935 721 4033 spe'cial.
744 3934 773 4007 Il
787 3951 839 4006 est
852 3935 1116 4034 indispensable‚
1136 3963 1224 4033 pour
1236 3938 1324 4010 arri·

273 4052 365 4120 vera
388 4065 474 4121 cette
492 4053 610 4120 notion
630 4049 771 4148 precise,
792 4051 833 4121 de
849 4054 1028 4149 parcourir
1043 4049 1253 4150 separdment
1275 4051 1322 4122 les

273 4169 385 4266 points
400 4169 457 4270 qni
473 4183 619 4264 peuvent
634 4168 716 4244 taire
727 4157 908 4262 diffi'culta,
925 4184 958 4240 et
975 4167 1198 4264 d’iulerroger
1216 4167 1323 4243 aleus
