2928 5000
332 439 377 536 74
681 442 862 518 ensurius
890 461 1029 513 rnnrtn.

379 595 443 662 Les
474 588 683 688 theologicus
708 593 831 662 memes
858 591 916 685 qui
945 592 1096 663 refusent
1120 588 1162 662 tle
1186 587 1361 662 considerer

330 733 384 778 ces
406 707 631 786 declaratione
652 723 782 778 comme
803 723 904 802 ayant
921 708 1015 778 force
1028 707 1077 778 'de
1096 706 1140 777 loi
1161 721 1361 802 proprement

330 825 415 912 dite,
434 851 468 896 se
487 826 604 896 hitent
623 824 665 896 de
682 825 766 894 faire
784 825 944 894 observer
961 821 1064 916 qu’en
1084 821 1218 919 pariunt
1234 822 1313 894 ainsi
1330 819 1363 888 ils

329 967 372 1012 ne
385 940 586 1037 pretendent
600 941 698 1036 point
710 941 785 1012 nior
796 938 938 1034 qu’elles
952 930 1078 1012 n’sient
1093 964 1160 1008 une
1175 935 1364 1034 tresqrande

266 1121 269 1131 .
329 1057 491 1145 autorite,
510 1072 544 1126 et
561 1054 730 1151 qu’on.ne
744 1056 841 1127 doive
857 1055 904 1126 les
916 1056 1029 1126 strivre
1042 1081 1085 1126 en
1103 1055 1268 1151 pretiqu'e.
1284 1056 1364 1124 Con·

331 1188 569 1244 teuteus-nous
582 1173 624 1244 de
639 1174 724 1244 citer
736 1171 784 1242 les
799 1169 1009 1268 theologicus
1023 1171 1066 1242 de
1081 1170 1301 1265 salomonque
1314 1195 1320 1240 :
1333 1167 1366 1238 ils

330 1303 408 1358 sont
424 1289 465 1360 de
481 1314 566 1360 ceux
583 1291 644 1384 qul
662 1314 704 1360 ne
728 1303 887 1366 trouvent
906 1313 964 1385 pus
982 1287 1016 1362 le
1032 1287 1147 1360 veleur
1163 1288 1206 1362 de
1222 1286 1283 1358 lois
1298 1311 1366 1382 pro

329 1421 485 1499 prement
501 1405 587 1476 dites
607 1405 690 1480 dens
708 1404 754 1476 les
771 1403 995 1478 declaratione
1014 1431 1060 1476 en
1074 1405 1231 1500 question
1248 1407 1368 1475 ³an-

328 1547 346 1583 e
362 1518 474 1592 babile
492 1538 556 1610 est,
576 1521 758 1610 disent-ils,
776 1518 859 1594 tales
873 1520 1153 1595 declarationes...
1172 1543 1244 1592 non
1257 1519 1367 1592 hebere

328 1637 431 1706 ovim
452 1634 548 1734 legis,
571 1664 632 1710 nee
651 1639 758 1724 robur
780 1636 953 1734 obligandi
974 1661 1107 1731 semper
1121 1651 1156 1708 et
1173 1647 1366 1734 perpetuo.»

328 1754 537 1838 Nennmoins
558 1756 644 1824 voiei
663 1767 835 1828 comment
852 1753 892 1826 ils
914 1765 1078 1852 enposent
1096 1753 1128 1826 la
1146 1754 1319 1849 question,
1341 1762 1370 1820 u

327 1894 366 1938 ce
384 1869 482 1964 qu’ils
504 1887 565 1942 ont
584 1873 656 1942 soin
676 1873 718 1942 tle
737 1883 858 1944 mettre
876 1899 918 1942 en
937 1871 1068 1960 sirecte,
1089 1887 1124 1942 et
1144 1871 1187 1942 d'e
1209 1872 1369 1965 presente¹

328 2004 430 2058 ovant
445 2004 522 2060 tout
540 2016 584 2060 nu
603 1989 732 2063 lecteur
745 2016 877 2062 comme
895 1987 1139 2062 incontestable
1155 2003 1190 2060 et
1203 1989 1284 2060 hors
1297 1984 1372 2054 d’at-

331 2104 435 2173 teinte
454 2132 462 2175 t
483 2133 501 2170 u
516 2106 614 2177 Circe
634 2131 737 2200 quam
758 2104 987 2201 gravissimam
1005 2103 1230 2198 questionem
1243 2101 1312 2171 duo
1324 2100 1370 2169 in·

327 2220 472 2290 «venies
496 2221 588 2318 apud
614 2221 770 2300 doctores
791 2219 1002 2292 indubitata.
1029 2220 1197 2308 Primum,
1219 2216 1301 2290 tales
1319 2215 1371 2284 de-

328 2363 344 2400 ι(
360 2334 560 2409 elevationes
580 2339 715 2408 maximi
733 2337 891 2434 p'ondetis
909 2361 994 2426 esse,
1010 2361 1240 2432 magnamque
1260 2334 1374 2406 habere

307 2453 601 2526 -uauctoritetem
623 2470 656 2526 et
679 2455 900 2550 gravitatem,
920 2467 1041 2548 utpote
1066 2477 1087 2524 a
1108 2452 1313 2547 gravissimis
1330 2449 1372 2518 ri-

318 2598 344 2647 ¹e
361 2569 427 2659 ris,
443 2573 648 2644 auctoritete
661 2571 785 2642 summi
807 2571 1186 2666 pastoriseongregatis
1209 2588 1373 2666 expense:

325 2715 342 2750 e
361 2686 572 2783 proindeque
587 2688 699 2761 adhue
713 2689 748 2758 in
765 2689 931 2760 sententia
946 2685 1084 2760 illorum
1098 2687 1158 2781 qui
1175 2686 1299 2758 dieunt
1312 2708 1375 2756 uon

324 2832 340 2866 u
356 2805 482 2876 hebere
497 2808 565 2876 virn
581 2805 678 2903 legisq
692 2803 895 2878 deserencte
908 2818 1085 2890 nonsnnt,
1101 2803 1165 2872 nisi
1184 2802 1373 2900 gravissime

325 2921 491 2994 «rarione
519 2937 554 2992 et
580 2945 680 2994 causa
708 2922 967 2994 intervenienter
995 2919 1215 3010 secundum,
1238 2915 1375 3015 quodsi

324 3065 340 3100 e
358 3033 440 3106 tales
465 3036 708 3110 declarationes
732 3037 996 3135 promulgantur
1014 3063 1055 3108 en
1073 3035 1293 3110 solemnitate
1316 3057 1377 3130 qut

325 3179 342 3218 α
359 3150 470 3224 solent
485 3153 573 3250 leges
587 3155 809 3252 promulgari,
827 3181 906 3226 cum
920 3155 955 3226 id
967 3155 1027 3226 fiet
1037 3154 1247 3226 auctoritate
1258 3152 1376 3226 summi

324 3266 571 3364 «pontilicis...
599 3272 718 3368 procul
746 3273 853 3344 dnbio
880 3273 947 3342 vim
976 3272 1058 3368 legis
1082 3286 1262 3368 perpetum
1281 3269 1378 3342 liobe·

222 3467 225 3474 Ι
323 3413 339 3448 e
356 3385 443 3455 bunt
462 3401 568 3459 toturn
586 3387 769 3460 Ecclesiam
785 3388 981 3486 obligantis.
995 3417 1012 3456 o
1026 3388 1094 3485 (De
1111 3389 1288 3485 Legibus,
1303 3411 1332 3458 e.
1344 3383 1375 3473 3,

325 3519 490 3600 punctum
511 3507 559 3594 11,
581 3533 617 3577 n.
645 3507 717 3602 28.)

372 3619 399 3692 ll
416 3637 466 3692 est
483 3623 671 3718 important
686 3625 728 3720 ele
746 3649 943 3720 ronarquer
962 3622 995 3695 lu
1016 3622 1123 3696 limite
1143 3623 1311 3720 indique‘e
1325 3647 1380 3721 par

323 3737 370 3808 les
398 3738 556 3810 docteurs
583 3742 626 3811 de
652 3741 878 3837 solamenque
895 3769 902 3812 ε
918 3742 958 3812 ils
985 3767 1020 3813 ss
1048 3755 1286 3838 permoneat,
1314 3737 1381 3810 tle

324 3854 447 3944 verite,
468 3855 510 3924 de
531 3857 663 3927 reluser
684 3859 702 3929 i
722 3883 777 3929 ces
803 3859 971 3930 ‹lecisions
995 3858 1026 3930 le
1048 3857 1224 3928 caractere
1251 3858 1296 3928 de
1324 3855 1382 3925 lois

322 3970 601 4066 eeclesiastiqnesq
618 3993 653 4048 et
667 4002 702 4046 se
716 3977 845 4048 croietrt
863 4000 905 4048 en
925 3975 1039 4048 stirete‘
1052 3993 1097 4046 en
1107 3988 1298 4048 soutennrtt
1313 3974 1382 4044 leur

323 4088 463 4182 opinion
486 4107 619 4162 comme
644 4093 827 4189 probuble‚
855 4119 957 4191 parce
979 4119 1047 4190 que
1068 4093 1099 4162 lo
1124 4094 1329 4188 seint-siege
1354 4089 1401 4170 la,

323 4203 450 4275 tollere:
471 4235 487 4272 u
502 4209 589 4276 Cum
609 4235 677 4280 nou
695 4210 798 4282 lateat
815 4233 984 4302 summum
1001 4209 1198 4308 pontificem
1215 4210 1292 4280 hot
1306 4206 1385 4276 doe·
