2910 5038
310 450 531 520 ordnnrrotts
553 469 599 519 uu
630 458 784 519 concina
801 468 922 535 raon,
940 471 1014 520 arc.
1116 444 1185 537 dub

135 615 300 695 poterunt
318 602 419 670 etiam
444 615 521 698 post
537 603 757 672 terminatum
780 616 813 671 ct
835 595 970 672 finitum
992 602 1185 672 concilium.

135 719 221 802 Quae
239 720 353 788 omnia
372 717 485 788 locum
505 718 633 788 babent
650 719 751 786 etiam
773 718 808 786 in
827 718 936 788 causis
954 715 1188 788 criminalibus

135 849 255 904 contra
267 835 448 930 ipsummet
462 835 768 930 archiepiscopum,
783 860 852 904 non
867 835 946 904 item
961 835 995 903 in
1016 829 1183 907 civilibus.
1198 913 1201 919 ,

187 981 204 1016 t<
219 955 326 1022 Porro
343 951 515 1046 judicibus
537 967 571 1020 et
590 955 742 1047 personis
771 951 1034 1048 particularibus
1051 954 1185 1048 negotia

134 1093 211 1161 quaa
228 1067 404 1137 indefinita
420 1083 596 1137 remanent
616 1083 768 1163 tempore
786 1067 1016 1137 dissolutionis
1034 1083 1094 1138 aut
1111 1069 1187 1138 suris

134 1183 282 1269 concilii,
301 1199 339 1252 ut
360 1183 417 1252 illa
438 1180 499 1278 ipsi
519 1182 748 1256 determinent
769 1198 845 1280 post
869 1184 971 1253 linem
991 1185 1187 1278 impositum

135 1299 296 1388 concilio,
320 1300 487 1368 committi
520 1320 588 1368 non
614 1315 775 1394 poterunt
796 1300 857 1368 nisi
882 1301 914 1368 iu
934 1301 1086 1370 catrsisin
1106 1325 1188 1370 cou-

135 1414 214 1484 cilio
229 1413 430 1484 Tridentino
445 1429 478 1484 et
494 1416 527 1482 iu
546 1416 623 1508 jure
636 1419 810 1510 expressis.
829 1419 872 1485 Et
891 1438 910 1486 a
922 1415 1092 1509 judicibus
1106 1438 1187 1510 prae-

136 1526 253 1615 dictis,
269 1531 327 1622 qni
343 1528 384 1598 de
399 1529 553 1624 proximo
568 1529 667 1599 dictis
689 1532 833 1625 negotiis
852 1549 910 1600 seu
933 1532 1042 1600 causis
1058 1553 1187 1626 cogno-

135 1645 261 1727 verint,
279 1642 440 1740 appellari
463 1645 564 1716 debet
585 1646 626 1714 ad
646 1647 845 1742 primatem,
865 1648 1113 1742 patriarcham,
1136 1650 1187 1718 rel

135 1779 270 1855 papam.

186 1905 203 1940 t<
219 1876 380 1946 Similiter
393 1893 574 1972 cognoscet
587 1891 705 1948 contra
725 1878 935 1975 negligentes
955 1882 1131 1976 episcopos
1152 1883 1185 1950 iu

134 1993 176 2062 iis
192 2017 267 2086 quae
281 2013 398 2061 eorum
413 1995 565 2063 innueris
584 2009 664 2064 sunt
679 1995 921 2091 explendis....,
937 1998 1079 2067 maxime
1100 1998 1189 2069 circa

134 2108 367 2179 ordinationes
394 2108 612 2196 clericorum,
636 2113 893 2182 sentinariorum
917 2115 1187 2202 institutionem,

135 2238 173 2294 et
189 2224 405 2296 ecclesiarum
422 2241 617 2298 auratarum
641 2230 850 2323 provisiones
869 2247 944 2324 quae
956 2254 1024 2299 nou
1043 2233 1107 2300 nis'i
1128 2255 1190 2325 per

134 2363 340 2412 concursum
361 2341 434 2412 fieri
459 2359 601 2438 possunt
617 2353 711 2439 (sess.
730 2351 829 2430 abc.
850 2347 953 2431 18)....

185 2485 202 2523 «
217 2461 333 2530 Causae
344 2483 425 2529 vero
438 2474 471 2528 et
481 2462 718 2529 controversia
739 2461 827 2530 inter
842 2459 981 2532 clericos
994 2461 1189 2551 inferiores,

134 2575 216 2668 quia
235 2576 277 2644 ab
295 2600 413 2645 eorum
430 2576 610 2645 ordinariis
627 2571 724 2645 facile
742 2575 875 2644 deliniri
899 2592 1060 2670 possunt,
1079 2579 1189 2647 miuus

134 2690 276 2786 proprie
298 2689 339 2759 ad
362 2689 568 2786 provinciale
588 2689 769 2760 concilium
790 2693 960 2786 pertinere
986 2707 1187 2764 noscuntur.

185 2808 1188 2901 <rOmnosverocausasverteutesinprimainstantiacoram

134 2923 546 3020 episcopissullraganeis,
560 2950 600 2994 ex
611 2925 776 2993 sententia
795 2947 896 2993 sacrae
907 2924 1190 3018 congregationis,

135 3039 262 3132 poterit
284 3038 466 3109 concilium
489 3062 710 3133 cognoscere3
735 3055 769 3108 et
798 3063 866 3108 non
895 3039 1003 3108 solum
1025 3037 1096 3107 illas
1115 3061 1189 3134 quae

134 3152 326 3247 specialiter
354 3153 425 3248 ejus
452 3151 583 3247 judicio
614 3179 632 3224 a
663 3155 742 3248 jure
773 3171 807 3224 et
835 3151 980 3225 concilio
1008 3154 1122 3253 (celui
1150 3153 1191 3222 de

134 3265 274 3363 Trente)
291 3284 467 3340 reservatae
491 3284 588 3356 sunt,
613 3271 670 3340 sed
700 3270 741 3340 de
765 3272 926 3342 omnibus
948 3285 1015 3341 tam
1036 3269 1191 3339 civilibus

134 3407 238 3478 quam
257 3381 488 3454 criminalibus
500 3439 510 3470 ‚
522 3409 598 3479 quaa
616 3385 726 3454 dubiae
744 3410 812 3454 oon
830 3387 920 3472 sint,
937 3387 1079 3479 qumque
1098 3385 1191 3454 brevi

135 3515 288 3595 tempore
309 3515 451 3595 possunt
471 3499 629 3594 expediri.
650 3502 684 3569 Si
709 3516 822 3568 tamen
847 3502 880 3569 in
904 3503 1010 3595 prima
1033 3500 1190 3568 instantia

135 3639 251 3684 eoram
270 3609 422 3685 locorum
448 3616 628 3686 ordinariis
647 3614 714 3684 illae
734 3616 938 3685 introductae
962 3617 1189 3710 reperiantum

136 3755 206 3800 non
223 3747 385 3828 poterunt
409 3732 541 3801 avocari
567 3732 630 3799 nisi
658 3731 692 3798 in
715 3731 850 3802 casibus
871 3733 984 3826 ajuro
1011 3731 1194 3826 permissis.

103 3827 108 3834 ¹
136 3850 218 3916 ltem
236 3871 298 3917 nec
315 3869 433 3918 causas
453 3847 635 3944 pendentes
656 3871 770 3916 coram
792 3847 1048 3944 archiepiscopo
1067 3849 1193 3943 poterit

134 3962 177 4032 ad
197 3987 233 4032 sa
251 3986 404 4034 avocare.

188 4107 205 4142 α
222 4078 393 4175 Appellari
416 4081 515 4148 etiarn
540 4082 662 4175 poterit
687 4077 730 4149 ad
750 4081 931 4174 ipsummet
955 4079 1135 4150 concilium
1158 4079 1193 4146 in

134 4196 247 4266 causis
277 4196 503 4294 pendentibus
528 4217 643 4268 coram
673 4195 830 4294 episcopo
858 4195 909 4268 vel
940 4197 1012 4294 ejus
1048 4196 1192 4284 vicario,
