2910 5038
502 467 752 536 carimonias..
987 478 992 486 ·
1081 456 1151 555 569

112 611 216 682 dicare
232 637 371 707 reguum
389 614 475 704 Dei,
496 627 529 682 et
549 638 666 684 sanare
680 613 844 684 infirmos.
862 613 905 680 Et
925 610 972 680 ait
989 607 1033 678 ad
1052 606 1151 678 iilos:

111 727 198 800 Nihil
223 727 367 798 tuleritis
398 731 431 798 in
460 731 533 819 via,
564 755 673 826 neque
702 729 852 824 virgam,
877 750 985 822 neque
1015 749 1152 820 peram,

107 869 211 940 neque
228 871 368 940 panem,
382 828 490 941 neque
505 849 702 942 pecuniam:
719 871 830 942 neque
847 845 930 914 duas
947 843 1079 914 tunicas
1095 843 1161 912 ba··

106 959 218 1030 beatis.
236 965 279 1030 Et
296 963 329 1032 in
348 988 599 1059 quamcumque
619 965 756 1035 domum
780 961 1006 1049 intraveritis,
1022 960 1069 1030 ibi
1085 983 1154 1028 ma·

105 1092 196 1167 nete,
217 1094 252 1148 et
270 1077 349 1149 inde
368 1105 410 1149 nc
430 1082 563 1150 exeatis.
590 1085 632 1151 Et
651 1082 858 1175 quicumque
876 1103 944 1146 non
966 1077 1153 1172 receperint

104 1219 175 1284 ros,
195 1211 353 1266 exeuntes
375 1196 570 1268 decivitate
600 1197 679 1285 iila,
706 1198 807 1268 etiarn
827 1193 1007 1291 'pulverem
1027 1192 1152 1289 pedum

104 1327 288 1382 vestrorum
310 1314 456 1382 excutite
475 1314 510 1383 in
530 1315 758 1385 testimonium
786 1336 887 1408 supra
911 1308 997 1380 illos.
1018 1312 1152 1404 Egressi

102 1442 211 1498 autem
225 1430 415 1500 circuibant
431 1455 491 1525 per
504 1429 649 1513 castella,
666 1428 932 1526 evangelizantes
947 1441 981 1498 et
994 1441 1152 1497 curantes

103 1545 239 1639 ubique.

150 1685 227 1772 Quo
234 1681 366 1773 finito,
390 1678 479 1750 liber
492 1685 525 1750 Ε
527 1680 764 1780 vangeliorum
778 1693 922 1775 apertus
927 1701 998 1775 per
1010 1673 1151 1746 subdia·

100 1821 225 1868 conum
251 1811 421 1893 portatur
440 1797 620 1893 pontifici,
650 1821 719 1893 per
737 1820 817 1865 eum
836 1791 1074 1881 osculandos,
1096 1791 1156 1860 cui

99 1926 132 1978 et
154 1908 284 1980 deinde
312 1913 526 1981 incensatur.
553 1914 630 2002 Quo
640 1908 761 2006 facto,
777 1906 948 2005 pontifex
970 1909 1047 2005 ipse
1070 1923 1154 1977 onte

97 2025 215 2096 seriem
235 2050 340 2096 suum
351 2025 583 2121 proedictom,
609 2024 772 2122 deposita
800 2025 925 2109 mitro,
959 2047 1087 2092 uersus
1106 2019 1174 2092 ud¹

97 2143 232 2232 altore,
263 2157 371 2240 atque
396 2141 464 2212 olii
492 2167 615 2212 omnes
636 2144 673 2212 in
696 2143 782 2214 locis
801 2142 875 2244 suis
903 2141 1154 2240 genuflectunt.

101 2258 367 2356 Tumpontifirn
385 2261 439 2328 sic
450 2259 660 2357 genuflexus
676 2259 800 2355 incipit
814 2254 1010 2346 cantando,
1031 2254 1155 2326 schola

90 2389 348 2473 prosequente,
366 2373 564 2470 dymnum:
595 2425 596 2430 η
1176 2377 1177 2380 ’

90 2625 93 2632 ,
144 2528 234 2600 Veni
248 2529 441 2602 Creator...
463 2525 476 2620 (
501 2525 526 2622 ).

143 2677 305 2776 [inpleto
321 2677 472 2772 dymno,
490 2701 612 2748 omnes
623 2675 746 2748 sedent
764 2681 802 2749 in
823 2675 980 2764 silentio,
997 2690 1031 2744 et
1040 2679 1156 2771 ponti·
1232 2753 1236 2762 Ι

90 2792 170 2884 fex,
185 2809 342 2890 accepto
352 2796 472 2880 mitra,
492 2792 620 2864 sedens
637 2795 674 2864 in
690 2791 772 2864 sede
784 2789 962 2890 proedicto
974 2813 1096 2889 supro,
1117 2795 1155 2861 in

85 2910 204 3007 plano
216 2909 348 2981 altoris
355 2911 498 3007 positu,
513 2935 583 3000 eos,
596 2909 769 3008 siplocct,
787 2912 824 2980 in
837 2909 933 2980 dunc
943 2911 1156 2980 sententium
1212 2898 1215 2902 ’

92 3030 315 3129 alloquitur:

140 3161 370 3237 Venerabiies
380 3163 635 3234 consacerdotes
646 3179 680 3233 ct
695 3165 814 3235 fratres
825 3166 933 3236 nostri
945 3165 1152 3252 charissimi,

91 3282 280 3378 praemissis
301 3283 374 3350 Deo
397 3281 571 3374 precibus,
590 3297 726 3379 oportet
747 3296 785 3350 ut
802 3307 857 3371 ea,
879 3308 953 3376 quae
974 3281 1015 3350 de
1033 3282 1154 3350 divinis

90 3398 245 3484 officiis,
266 3393 317 3464 vel
337 3397 440 3466 sacris
458 3397 655 3487 ordinibus,
674 3413 733 3468 aut
752 3398 863 3474 ctiam,
879 3397 921 3467 de
940 3399 1063 3467 nostris
1085 3425 1155 3467 mo·

89 3515 214 3604 ribus,
248 3525 283 3580 ct
311 3510 870 3591 necessitatibus,ecclesiasticisa
904 3511 1000 3582 nobis
1037 3512 1152 3582 confe-

90 3630 203 3700 renda
231 3643 330 3711 sunt,
355 3653 432 3698 curn
459 3629 624 3698 charitate
640 3644 675 3698 et
689 3629 899 3725 benignitate
921 3616 1164 3723 unusquisque

88 3763 251 3817 vestrum
274 3745 447 3838 suscipiat,
468 3767 665 3839 summaque·
679 3747 885 3835 reverentia,
911 3748 1075 3840 quantum
1101 3771 1155 3832 vaf

87 3863 154 3956 let,
173 3861 333 3934 Domino
352 3861 544 3956 adjuvante,
562 3864 744 3958 percipiat,
756 3861 809 3933 vei
827 3879 901 3958 quae
919 3863 1153 3934 emendatione

86 3981 197 4077 digna
223 3992 331 4068 sunt,
360 3979 452 4047 omni
473 3978 651 4049 devotione
670 3981 902 4075 unusquisque
922 3978 1063 4050 fideliter
1082 3996 1154 4050 stun

124 4233 165 4298 (1)
186 4229 230 4282 Le
248 4227 336 4280 meme
351 4243 406 4297 que
419 4225 489 4281 cetui
505 4223 542 4280 du
557 4226 694 4280 Breviaire
707 4227 823 4282 romain.
