2910 5038
290 493 362 592 596
561 447 570 462 ι
631 495 831 574 ornamini:
856 515 1001 564 rtnrre.

289 646 465 733 diaconus,
480 641 862 737 acceptabenedicrione
881 669 901 714 a
915 644 1091 741 pontifice,
1107 645 1336 742 evangelium,

289 769 365 864 Ego
381 785 460 831 sum
475 774 605 856 pastor·
615 757 741 850 bonum
762 759 851 856 legat
866 787 874 830 :
892 787 962 857 quo
972 759 1121 856 perlecto
1134 759 1256 831 clamet
1271 763 1337 834 atta

287 903 381 965 voce,
402 881 523 962 Orate,
537 876 716 971 statimque
731 900 850 948 omnes
864 892 933 946 tum
947 878 1095 974 episcopi
1109 903 1210 972 quem
1225 876 1337 948 clerici

288 995 361 1066 solo
383 1009 481 1066 tenus
500 1007 770 1088 prosternentur,
795 1009 830 1062 et
847 994 1023 1064 orantibus
1042 995 1090 1064 eis
1109 1009 1227 1089 surget
1246 993 1337 1064 solus

288 1108 578 1207 metropolitanus,
596 1106 708 1178 dicens
721 1109 810 1179 hanc
824 1111 1010 1180 orationem
1027 1135 1036 1178 ε
1052 1109 1247 1200 Aruernus,
1266 1116 1336 1180 Da-

287 1231 395 1318 mine,
413 1231 543 1298 Sancte
564 1227 727 1322 Spiritus,
746 1243 827 1314 eta,
849 1241 888 1295 nt
906 1227 940 1294 in
958 1225 1076 1296 ordine
1095 1251 1248 1296 romano.

336 1347 445 1416 Finito
459 1341 625 1430 oratione,
644 1356 678 1410 et
696 1365 855 1435 responso
873 1342 915 1411 ab
930 1343 1100 1430 omnibus,
1115 1349 1243 1432 Amen,
1263 1369 1335 1412 rur·

287 1489 343 1536 sus
363 1456 621 1532 orchidieconus
641 1456 745 1528 dicit:
768 1459 906 1558 Err‘gr'te
918 1481 1000 1546 vos3
1020 1460 1195 1529 confestim
1215 1483 1335 1530 omnes

286 1591 444 1675 surgant,
465 1589 499 1645 et
521 1599 599 1644 cum
619 1575 713 1644 omni
734 1575 855 1644 timore
872 1575 956 1666 Dei,
975 1590 1042 1646 tam
1068 1577 1217 1673 episcopi
1232 1601 1333 1671 quam

285 1693 468 1792 presbyteri
484 1689 640 1762 sedeant:
661 1691 775 1785 sicque
792 1690 949 1762 omnibus
961 1692 996 1760 in
1007 1693 1076 1761 suis
1092 1689 1173 1762 locis
1186 1694 1222 1762 in
1233 1689 1336 1761 silen-

281 1812 332 1880 tio
340 1807 613 1892 consedentibus,
624 1805 727 1876 faciut
742 1805 893 1901 pontifex
901 1806 1129 1902 subscriptum
1142 1833 1334 1878 sermonem

284 1927 326 1996 de
337 1923 512 2019 evangelio
526 1923 613 2017 etde
628 1923 680 1992 his
692 1949 768 2019 qure
778 1925 948 2018 pertinent
962 1921 1004 1993 sd
1018 1949 1057 1994 ee
1070 1947 1146 2020 quae
1158 1926 1334 1996 tractanda

284 2054 373 2112 sunt.
393 2043 490 2109 Tunc
515 2035 790 2125 archidiacenus,
810 2039 960 2109 codicem
975 2055 1143 2109 canonum
1164 2041 1200 2109 in
1220 2039 1334 2111 medio

281 2157 458 2254 proferens
472 2154 569 2247 jussu
586 2154 828 2252 archiepiscopi
841 2209 850 2242 ,
865 2157 983 2225 recitat
1002 2153 1151 2250 capitula
1170 2156 1219 2224 de'
1230 2183 1335 2252 agen·

282 2271 334 2342 dis
352 2269 502 2342 conciliis
520 2270 716 2364 provinciae,
747 2269 791 2340 de
818 2270 964 2340 concilio
983 2268 1251 2342 chalcedonensi
1272 2274 1334 2343 he-

283 2412 358 2457 ram
375 2409 467 2455 xvrrt
483 2411 491 2454 :
509 2385 643 2455 Statuit
658 2399 785 2453 sancta
804 2381 959 2477 synodus
974 2382 1166 2454 secundum
1182 2391 1333 2457 Petrum

282 2501 423 2602 regulas
438 2499 493 2571 bis
503 2500 541 2569 in
547 2493 643 2570 ariao
653 2501 691 2570 ia
701 2523 810 2570 unum
819 2501 1000 2571 conuenire
1007 2525 1079 2597 per
1085 2501 1248 2600 singrdas
1251 2529 1334 2600 pro-

281 2625 413 2694 vincias
434 2621 628 2715 episcopor,
649 2615 710 2687 ubi
723 2617 866 2716 singula
885 2619 1107 2717 corrigantur
1123 2643 1207 2716 quoe
1220 2645 1332 2692 emer·
1453 2607 1454 2621 ¹

281 2741 401 2810 serint.
430 2737 502 2828 Qui
517 2759 603 2805 vero
626 2735 806 2804 convenire
834 2733 1011 2805 noluerint
1028 2737 1197 2806 canonice
1222 2739 1330 2808 corrr'·
1452 2721 1453 2727 ἵ

276 2869 419 2953 gantur.
439 2856 524 2921 Item
541 2851 583 2920 de
598 2848 751 2944 capitulis
767 2848 984 2919 orientalium
999 2855 1159 2921 Petrum:
1179 2857 1332 2950 Propter

278 2968 538 3039 ecclesiasticas
557 2989 663 3035 curas
681 2979 716 3034 et
728 2964 997 3034 altercationum
1018 2964 1224 3054 solutiones,
1245 2967 1331 3039 berre
1449 3031 1450 3052 ,

275 3083 415 3181 placuit
424 3108 494 3179 per
513 3081 673 3184 singulus·
680 3082 886 3178 parrincias
902 3079 955 3152 bis
975 3084 1012 3152 ia
1033 3105 1128 3151 anno
1141 3083 1328 3155 concilium
1448 3145 1449 3159 ,

268 3199 371 3289 fieri,
388 3212 599 3267 convocante
613 3195 882 3292 metropolitana
909 3219 1031 3265 omnes
1044 3199 1243 3292 prouinciae
1256 3203 1331 3295 epi-

278 3337 417 3410 scopos.
452 3314 522 3404 Qui
546 3335 634 3380 vero
658 3312 783 3382 venire
808 3312 1077 3406 contemserit,
1101 3314 1175 3382 nisi
1188 3339 1330 3384 summa

277 3429 511 3514 necessitate,
539 3451 620 3496 reus
632 3427 699 3496 erit
703 3424 865 3521 fraterni
876 3423 1029 3498 concilii
1045 3430 1132 3496 Item
1152 3427 1195 3497 de
1207 3429 1328 3499 conci·
1444 3489 1445 3492 ,

276 3544 325 3615 lio
347 3543 510 3616 Toletano
528 3546 591 3635 IV,
611 3541 692 3614 hers
709 3567 810 3614 xrnr.

725 3703 856 3776 Sermo.

269 3945 280 3952 -
324 3899 471 3989 Oportet
489 3915 564 3981 nos,
578 3891 699 3962 fratres
713 3891 911 3980 charissimi,
928 3891 963 3960 in
982 3893 1078 3961 omni
1098 3891 1232 3963 concilii
1246 3917 1324 3964 con·

270 4024 377 4080 uentu
392 4008 492 4078 fidem
511 4009 664 4098 recitare,
682 4032 781 4102 quam
802 4010 908 4078 sancti
926 4011 1041 4078 Patres
1054 4010 1202 4095 Nisseni,
1234 3993 1330 4078 Con-⁸

175 4213 184 4228 ἱ
276 4123 600 4220 stantinopolitani‚
634 4125 794 4219 Ephesini
819 4129 852 4214 l,
882 4125 1168 4194 Chalcedonensis
1187 4123 1319 4194 concilii

273 4255 475 4330 senscrunt,
489 4242 817 4332 corroboraverunt3
840 4256 961 4313 utram
978 4241 1131 4334 firmiter,
1150 4239 1317 4313 ttnouimi·
