2806 5024
8 325 14 512 i

206 481 358 529 concion
376 482 478 528 Pnov.
501 482 569 528 PAR
590 482 751 530 narbona
769 482 816 530 au
834 484 860 530 S.
876 464 986 530 siben.
1062 459 1132 532 ²33

93 637 106 672 a
125 609 179 696 rit,
192 608 356 704 profanus
369 623 430 681 est.
443 610 478 680 Si
488 611 564 704 quis
579 610 613 680 iu
629 634 706 680 arca
720 612 792 682 Noe
807 635 875 680 non
885 610 1000 700 fuerit,
1010 611 1133 706 peribit

93 755 106 788 a
125 739 288 821 regnante
303 725 432 796 diluvio
435 779 499 796 .....
511 727 629 798 Trium
640 726 1133 822 hypostaseonabbrianorum

92 871 105 908 r
124 842 270 937 praesule
293 860 327 916 et
352 842 812 940 campensibusnoveliuma
841 872 895 916 me
920 845 1057 918 bomine
1078 871 1135 916 ro·

92 990 105 1026 ι
124 985 228 1032 mano
248 985 372 1030 nomen
388 961 570 1056 exigitur...
586 961 790 1050 Discernite,
807 960 834 1032 si
853 961 961 1056 piacet
973 963 1134 1034 obsecro:
1179 955 1183 962 ’

90 1105 104 1139 a
125 1101 193 1146 non
215 1076 342 1146 timebo
357 1091 422 1148 tres
435 1077 629 1172 hypostases
648 1075 759 1148 dicere
779 1078 808 1146 si
824 1074 988 1172 jubetis...
1009 1081 1136 1166 Quam·

91 1219 104 1254 r
126 1191 245 1262 obrem
259 1192 410 1262 obtestor
425 1190 667 1268 beatitudinem
682 1207 774 1264 tuam
790 1217 849 1287 per
868 1191 1065 1264 crucifixum
1069 1245 1136 1266 ......

91 1334 106 1375 n
128 1321 166 1376 ut
182 1307 265 1376 mihi
280 1305 428 1402 epistolis
441 1310 506 1378 tuis
520 1309 590 1378 sive
603 1308 819 1380 tacendarum
833 1308 903 1378 sive
918 1308 1136 1380 dicendarum

5 1407 7 1430 ⁸
91 1423 350 1519 «hypostaseon
370 1423 469 1496 detur
489 1424 679 1496 auotoritas.
701 1453 719 1490 a

135 1543 188 1610 En
200 1539 378 1612 attendant
394 1538 425 1610 la
440 1542 582 1635 repausa
599 1539 645 1611 du
664 1539 793 1635 pontise
812 1541 961 1628 romain,
977 1538 1000 1610 il
1017 1541 1137 1636 repon·

89 1655 159 1724 dait
177 1679 245 1724 aux
259 1656 377 1724 Ariens
392 1653 474 1749 qn'il
489 1653 569 1726 erait
587 1679 666 1726 avec
685 1679 770 1726 ceux
788 1655 847 1751 qui
860 1654 984 1726 etaient
1006 1679 1088 1726 avec
1107 1655 1137 1726 ia

3 1765 4 1800 ⁴
87 1771 201 1840 chaire
220 1771 263 1840 de
279 1771 414 1842 Pierre:
438 1801 454 1836 κ
476 1773 549 1867 Ego
567 1771 701 1842 interim
721 1769 857 1843 clamito
876 1774 903 1842 si
925 1773 1000 1868 quis
1021 1772 1137 1842 cathe-

91 1913 107 1956 α
127 1886 197 1956 drae
215 1888 306 1958 Petri
324 1887 496 1983 jungitur,
515 1913 610 1958 meus
631 1901 690 1956 est.
715 1916 733 1952 a
754 1871 898 1981 (Epitres
917 1884 963 1958 25
977 1902 1011 1957 et
1032 1886 1078 1960 26
1094 1913 1138 1960 au

88 2027 174 2098 pape
191 1985 364 2098 Damaso.)

137 2118 341 2188 L’bistorieo
364 2121 503 2188 Socrate
520 2132 681 2214 rapporte
704 2119 787 2188 ainsi
811 2136 980 2190 comment
1003 2121 1033 2192 le
1053 2147 1140 2218 pape

88 2239 105 2304 J
110 2234 181 2306 ules
197 2233 245 2304 lar
264 2235 423 2331 repondit
438 2259 480 2304 en
502 2233 569 2322 342
588 2259 655 2304 aux
675 2236 818 2330 evesques
833 2235 879 2306 dn
895 2237 1023 2308 concile
1037 2237 1139 2322 d’An-

89 2352 221 2439 unche,
236 2350 305 2422 l'un
323 2350 364 2422 de
382 2376 467 2424 ceux
483 2352 543 2446 qui
565 2353 700 2422 avaient
717 2351 905 2424 condamus
926 2355 1012 2424 saint
1033 2355 1140 2426 Atha·

1 2503 2 2553 η
89 2494 191 2540 uase:

134 2613 151 2650 a
173 2585 303 2676 tutius,
329 2585 514 2656 rescribens
536 2584 704 2679 episcopis
726 2585 784 2678 qni
808 2584 998 2656 Antiochia
1019 2609 1141 2654 conve·

1 2745 2 2770 i
89 2715 262 2788 «nerant,
280 2701 429 2796 graviter
454 2715 661 2795 conquestus
683 2713 751 2787 est,
774 2700 920 2794 primum
940 2698 1077 2795 quidem
1099 2699 1140 2770 de

86 2819 301 2890 accerbitate
319 2817 467 2912 ipsorum
490 2816 663 2913 epistolae,
687 2817 808 2888 deinde
829 2817 921 2912 quod
943 2831 1060 2888 contra
1081 2835 1141 2892 o'a-

85 2961 220 3006 anones
245 2937 357 3030 ipsum
382 2932 424 3003 ad
443 2933 607 3029 synodum
634 2959 701 3004 non
729 2950 920 3023 vocassent3
937 2958 1014 3004 cum
1036 2935 1140 3010 eccle-

86 3054 250 3120 ssiastica
271 3049 387 3146 regula
410 3049 627 3120 interdictum
649 3051 712 3137 sit,
729 3076 771 3120 ne
792 3063 914 3145 praeter
936 3053 1138 3126 sententiam

86 3197 100 3231 a
119 3169 264 3238 Romani
294 3164 464 3260 pontificis
485 3165 668 3259 quidquam
692 3166 734 3236 ab
759 3165 906 3236 ecelesiis
928 3165 1138 3240 decernatur.

87 3312 103 3346 a
120 3288 180 3356 Τοῦ
194 3291 445 3360 ἐκκλησιαστικοῦ
464 3285 586 3364 κανόνος
601 3289 772 3364 κελεύοντος
785 3290 827 3380 μὴ
844 3279 906 3354 δεῖν
923 3286 1006 3382 παρὰ
1017 3291 1139 3384 γνώμην

89 3438 104 3472 n
121 3424 172 3480 τοῦ
192 3411 359 3480 ἐπισκόπου
385 3393 502 3504 Ῥώμης
520 3405 684 3490 sororibus
699 3408 755 3491 τὰς
769 3412 940 3492 ἐκκλησίας.
951 3439 968 3474 a
979 3411 1071 3505 (Lib.
1085 3414 1140 3498 ll,

89 3549 159 3622 rap.
192 3526 260 3622 17).
295 3527 344 3594 Le
371 3523 568 3594 traduotenr
593 3523 633 3593 de
650 3522 811 3594 l'histoire
835 3527 1013 3621 tripartite
1041 3527 1143 3599 ain·

91 3640 231 3736 terprete
261 3641 291 3712 le
318 3655 389 3710 mot
417 3637 582 3722 κανονίζειν
611 3665 672 3736 par
699 3643 829 3710 ceux-m
852 3667 860 3709 :
886 3638 1029 3710 concilia
1056 3639 1142 3714 eele-

92 3754 188 3828 brari.
502 3759 505 3766 ’

139 3877 183 3943 Le
200 3877 310 3944 meme
328 3872 492 3942 historien
513 3873 603 3942 avait
625 3872 674 3941 dit
696 3871 969 3968 pre'cedemment
996 3897 1039 3943 au
1059 3873 1141 3944 cha·

96 3988 175 4078 pirre
204 3989 244 4062 15
263 3991 310 4060 du
326 3991 433 4060 nibme
450 3988 545 4078 livre,
564 4015 604 4058 en
624 3981 756 4084 pariant
772 3987 813 4058 ue
834 3988 865 4058 la
888 3989 1038 4060 manibre
1057 3988 1141 4060 dont

95 4127 131 4172 ce
161 4131 241 4201 pape
271 4107 363 4176 avait
392 4104 530 4176 restitue
562 4129 620 4174 sur
653 4105 743 4175 leurs
779 4101 884 4200 aie'ges
914 4107 1002 4174 saint
1033 4106 1138 4176 Atha·

99 4242 187 4310 nase‚
209 4221 290 4294 Pani
312 4223 353 4292 dn
379 4221 657 4317 Constantinople
678 4237 711 4292 et
737 4221 822 4296 deux
854 4238 966 4292 autres
993 4223 1138 4318 e‘quues
