2844 5028
285 481 509 558 orfintrrnns
532 509 581 556 on
604 507 758 556 concion
778 503 898 573 onon,
918 505 992 555 asc.
1094 486 1166 582 499

115 654 340 708 «accusatum
357 653 476 735 'capere
496 638 714 708 summariam
734 635 1026 722 informationem,
1042 651 1075 706 et
1094 639 1167 708 for-

115 783 131 816 «
146 779 240 849 !narc
262 781 457 850 processum
480 755 523 825 ad
546 753 707 824 effectum
734 751 991 821 transmittendi
1012 751 1055 821 ad
1076 779 1167 822 surn-

115 897 239 940 «rnum
272 872 464 966 pontificem
489 875 729 944 Romanurn.»
759 871 816 965 (ln
845 853 991 963 primam
1016 885 1102 961 part.
1126 867 1164 955 5,

115 988 252 1074 decret,
269 1013 300 1058 c.
318 990 417 1062 Sicut
426 987 529 1076 olim,
548 985 592 1060 de
611 995 757 1072 Ancus..
769 1003 791 1056 t.
808 987 861 1072 ll,
882 1009 914 1078 p.
940 983 1035 1080 137.)

163 1108 210 1173 La
237 1102 480 1200 congrigation
508 1104 565 1174 des
592 1107 778 1176 cardinaux
806 1100 1023 1193 interprctes,
1050 1129 1112 1198 par
1133 1129 1168 1172 sa

113 1217 323 1298 daciaration
348 1219 392 1288 du
418 1219 439 1290 3
462 1222 601 1290 octobre
629 1219 735 1308 1585,
751 1218 865 1289 dtcida
887 1221 973 1288 ainsi
987 1245 1031 1323 ².“
1045 1222 1168 1296 Conci·
1252 1303 1259 1318 .

115 1331 231 1404 «lium
253 1335 458 1430 provinciale
481 1359 550 1432 non
571 1353 683 1433 potcst
700 1330 850 1408 foinnarc
867 1315 959 1404 irirnc
976 1336 1168 1430 processum

113 1479 130 1513 a
146 1432 275 1520 contra
285 1453 480 1547 episcopum
501 1455 543 1520 ad
560 1453 718 1523 effectum
739 1437 992 1528 transmittendi
1009 1431 1105 1520 illurn
1125 1453 1167 1520 ad

114 1601 131 1636 «
148 1575 419 1662 sanctissimum,
444 1575 522 1668 quia
545 1575 617 1644 vuit
640 1576 706 1644 hoc
729 1589 833 1669 caput
852 1573 906 1668 (ie
930 1571 967 1644 5⁰
987 1574 1028 1642 dc
1053 1555 1083 1642 la
1107 1575 1169 1658 24⁸

114 1719 130 1755 «
147 1691 290 1786 session)
308 1705 345 1759 nt
367 1715 433 1759 non
455 1689 564 1760 solnm
584 1690 737 1762 definitio
755 1691 812 1761 sed
833 1690 935 1760 etiarn
955 1689 1105 1785 cognitio
1125 1693 1168 1760 sit

113 1836 130 1870 «
147 1821 282 1875 tanturn
302 1807 544 1876 sanctissimi.»
896 1799 900 1806 ’
1204 1811 1206 1816 ’

164 1927 213 1993 Lo
233 1949 369 2019 passage
388 1924 453 1992 cito
476 1921 520 1991 du
543 1921 693 1993 cardinal
714 1929 812 1994 Petra
834 1917 959 1991 sernble
979 1919 1169 1990 s’accorder

113 2039 228 2108 inicux
246 2062 326 2106 avec
344 2052 433 2106 cette
451 2035 655 2106 de'ciaration
678 2063 745 2132 quc
766 2035 852 2108 cetui
874 2035 915 2104 dc
934 2035 1085 2128 Fagnan.
