2804 5022
189 441 339 490 coucmc
358 401 465 493 enov.
481 443 551 493 rau
569 443 729 501 utemur
743 428 965 512 spasmon.
1043 447 1107 520 271

76 569 234 657 Hiocmar,
255 568 466 663 archeveque
481 568 524 643 de
543 569 670 658 Reims,
690 569 741 653 dit
755 597 821 666 que
838 587 891 644 oet
907 574 1007 647 envoi
1022 573 1112 647 avait

51 762 54 767 ¹
77 681 119 752 ete
135 684 289 756 ordonne
306 711 425 780 parce
441 711 545 781 pape,
565 700 598 758 et
615 712 682 782 que
694 703 748 761 cet
761 687 863 760 ordre
878 687 925 766 du
945 714 1029 784 pape
1047 686 1114 760 o'e'·

76 801 129 870 tait
146 826 209 896 que
230 799 431 874 l'execution
451 802 508 875 des
532 803 635 872 saints
653 829 797 892 canons,
825 819 859 876 et
884 803 977 879 enfin
997 830 1063 900 quc
1084 803 1113 879 le

74 916 127 984 but
147 914 187 984 de
203 932 258 986 cet
275 919 373 987 envoi
392 916 474 987 e'tait
493 918 534 988 de
549 919 632 988 faire
645 921 846 995 corroboret
862 946 901 993 ee
914 922 979 1018 qui
991 925 1114 1018 parut-

78 1031 152 1100 trru't
171 1031 259 1103 utile
277 1057 327 1104 uu
344 1035 562 1133 saint-stege.

114 1149 330 1224 «Gestorum
350 1166 463 1220 antem
488 1151 608 1224 seriem
626 1151 666 1220 de
683 1153 841 1229 omnihus
858 1178 933 1248 quae
950 1154 984 1222 iu
1004 1155 1114 1227 cortoi-

6 1251 7 1302 1
75 1259 142 1332 alio
163 1263 290 1356 relata,
313 1269 504 1338 examinata
524 1275 625 1362 atque
644 1283 777 1362 reperta
804 1283 904 1355 sunt,
932 1295 1007 1364 quae
1027 1272 1114 1343 sicut
1155 1356 1158 1362 ,

75 1381 291 1455 «veneranda
321 1382 453 1454 decreta
478 1397 631 1454 statuunt
653 1384 846 1455 discretioni
869 1400 987 1456 vestrae
1013 1385 1113 1480 dirigi

6 1479 8 1590 i
76 1499 328 1592 «precepistis,
349 1515 387 1570 ut
408 1525 483 1594 quae
504 1498 654 1570 salubria
668 1500 873 1573 videbuntur
892 1502 1114 1576 corroboren-

6 1591 8 1668 i
75 1629 166 1702 «tur,
185 1615 213 1684 si
238 1614 326 1686 forte
353 1615 466 1710 aliqua
487 1631 669 1710 supersunt
690 1615 839 1714 epistolae
865 1616 1018 1714 synodali
1039 1643 1113 1711 quae
1139 1645 1142 1650 ·

75 1758 88 1791 n
104 1729 242 1798 debeant
258 1729 495 1825 explanari,...
514 1730 735 1802 consacerdos
753 1747 870 1805 noster
884 1732 987 1828 Egilo'
1000 1732 1114 1804 archi·

30 1883 31 1886 π
74 1851 310 1944 aepiscopus...
335 1849 500 1943 poterit...
522 1849 718 1952 patefacere.
731 1879 748 1914 u
768 1850 902 1946 (Opera
921 1852 1115 1939 Hiuomari,

7 1979 8 2050 ξ
80 1962 192 2038 'dition
208 1967 249 2038 de
271 1965 450 2053 Sirmond,
469 1980 493 2036 t.
510 1970 562 2052 11,
577 1993 612 2060 p.
633 1967 723 2054 28,ii
743 1965 781 2046 la,
794 1966 869 2061 fin.)

7 2103 8 2130 ³
117 2086 162 2152 Le
180 2085 288 2154 meme
310 2108 395 2178 pape
410 2107 538 2178 envoya
562 2082 618 2152 des
643 2081 748 2176 legats
768 2109 856 2178 pour
877 2081 908 2154 le
924 2083 1054 2161 concile
1073 2083 1114 2158 de

75 2200 155 2268 Metz
175 2199 216 2268 de
237 2198 325 2290 862,
343 2215 376 2270 et
392 2197 573 2294 piescrivit
593 2197 696 2292 qu’on
722 2198 770 2268 lui
792 2199 948 2270 transmit
970 2226 1047 2272 sans
1064 2225 1115 2273 re·

74 2316 139 2383 tard
159 2315 367 2394 lesdecrets.
388 2319 435 2385 Ce
455 2314 583 2385 concile
606 2315 647 2384 de
662 2320 752 2386 Metz
772 2316 824 2384 fnt
839 2315 1116 2392 solenuellement

75 2429 253 2502 condammi
276 2448 309 2502 et
336 2427 428 2503 casse
452 2429 580 2500 l’annee
603 2432 758 2510 spirante
780 2457 841 2526 par
861 2431 891 2502 le
910 2431 1112 2528 saint-siege.

118 2551 334 2620 «statuimus
353 2561 466 2616 autem
490 2563 527 2614 ut
546 2563 668 2618 cuncta
685 2572 759 2641 quae
777 2548 812 2632 in
829 2546 947 2621 eodem
970 2548 1115 2623 concilio

6 2738 8 2743 ,
76 2680 232 2760 «peracta
253 2665 379 2734 fn'erint
398 2688 437 2734 ec
455 2663 613 2752 diffinita,
633 2678 751 2734 nostro
778 2663 972 2757 praesulatui
997 2679 1116 2756 gesto-

76 2807 173 2854 «rnm
194 2783 280 2853 serie
300 2782 539 2854 incunctanter
560 2780 754 2874 significetis
779 2806 787 2850 :
811 2795 848 2849 ut
867 2781 894 2851 si
923 2805 961 2852 ea
978 2783 1133 2876 justitiae.

76 2900 400 2997 «pulchritudine..,
431 2899 578 2970 diffinita
600 2899 890 2994 perspexerimus,
912 2901 1119 2970 Deoomni·

10 3055 11 3062 ¹
77 3019 229 3113 «potenti
244 3019 368 3112 gratias
384 3017 590 3104 referamus;
605 3017 633 3084 si
652 3040 731 3084 vero
748 3015 936 3109 injustitie,
950 3016 1041 3108 quod
1059 3042 1119 3088 uo·

77 3135 226 3222 «tumus,
255 3149 289 3202 et
317 3133 567 3230 contrarietatis
592 3131 722 3224 fuerint
748 3146 822 3200 acta
842 3132 1050 3222 interitione¹
1079 3157 1118 3209 ea

78 3276 257 3322 «renovare
284 3273 497 3343 summopere
521 3248 746 3342 jubeamus.»
776 3241 977 3342 (Sirmond‚
1002 3263 1025 3320 t.
1044 3252 1116 3338 ill,

78 3391 106 3459 r·
127 3369 225 3466 ur)
303 3373 310 3383 '

117 3485 193 3556 L’an
210 3483 293 3572 863,
311 3481 342 3551 le
360 3482 468 3550 meme
486 3504 571 3574 pape
590 3477 727 3552 Nicolas
746 3477 793 3546 ler
807 3477 946 3574 re'poud¹
955 3479 1039 3551 ainsi
1053 3505 1120 3551 aux

79 3599 206 3696 e'vtques
235 3601 294 3696 qui
314 3600 447 3668 avaient
467 3593 589 3691 depose‘
612 3595 936 3688 Rothade‚‘eveque
961 3595 1003 3664 de
1021 3596 1117 3666 Sais,

80 3735 164 3806 sons,
180 3718 262 3788 dans
283 3715 313 3785 le
335 3711 463 3792 concile
486 3711 526 3780 de
543 3710 678 3780 Senlis:

124 3835 320 3924 «Quoniam
337 3856 377 3898 ex
394 3853 525 3914 amore,
546 3827 730 3898 secundum
754 3825 1030 3897 constitutionem
1045 3851 1121 3906 ma·-

82 3945 250 4037 «jurum...
274 3973 345 4030 non
367 3945 478 4016 solum
494 3943 535 4016 de
552 3943 709 4014 omnibus
726 3967 801 4037 quae
815 3957 956 4036 possunt
971 3935 1119 4037 aliquam

82 4087 96 4122 n
110 4065 504 4160 reciperednbitationcm
518 4063 568 4130 vel
577 4083 827 4154 quamcumque
836 4059 1007 4131 incurrere
1017 4085 1122 4154 quaes·

82 4178 234 4276 itionem,
251 4205 370 4264 verum
387 4178 432 4248 de
449 4180 577 4253 esteris
596 4192 697 4272 atque
712 4176 896 4270 majoribus
911 4178 1055 4272 negotiis
1068 4204 1121 4264 ee·
