2910 5038
296 457 368 534 566
638 465 841 544 crnQurisnm
866 480 1008 530 enanis.
1084 531 1088 538 ,
1121 549 1123 556 Ι

294 619 416 687 Sancta
432 617 555 709 Agnes,
578 637 637 683 ora
652 639 715 710 pro
731 613 839 684 nobis.

293 734 416 802 Sancta
435 727 582 818 Caecilia,
601 749 662 800 ora
677 753 741 825 pro
759 730 867 802 nobis.

293 849 416 918 Sancta
431 845 629 935 Carthasim,
645 870 706 916 ore
719 871 782 943 pro
798 847 909 920 nobis.

293 967 415 1035 Sancta
432 961 622 1050 Anastasia,
642 987 703 1032 ora
716 987 780 1059 pro
795 964 903 1034 nobis.
942 1017 946 1028 .

293 1084 422 1150 Omnes
437 1093 558 1148 sancte
572 1079 731 1175 Virgines
749 1094 782 1149 et
797 1078 928 1168 Vidine,
948 1091 1042 1150 orate
1061 1101 1123 1174 pro
1146 1075 1250 1146 nobis.

293 1193 422 1265 'Omnes
437 1194 553 1265 Sancti
568 1207 601 1263 et
618 1197 751 1266 Sanctae
764 1195 842 1283 Dei,
856 1193 1055 1266 intercedite
1074 1217 1139 1289 pro
1160 1192 1262 1262 nobis.

292 1312 464 1408 Propitius
478 1325 562 1398 esto,
580 1335 680 1406 parce
694 1311 804 1399 nobis,
817 1313 979 1382 Domine.

292 1428 464 1525 Propitius
482 1442 566 1517 esto,
580 1426 702 1496 exaudi
723 1453 794 1516 nos,
809 1428 970 1498 Domine.

293 1544 345 1614 Ab
361 1544 454 1613 omni
475 1542 575 1631 melo,
594 1542 699 1614 libem
714 1569 786 1632 nos,
802 1545 962 1620 Domine.

294 1659 348 1730 Ab
369 1659 462 1729 omni
482 1675 633 1756 peccato,
654 1659 761 1736 libera
781 1686 855 1753 nos,
869 1661 1029 1734 Domine.

185 1809 192 1822 ·
294 1775 346 1845 Ab
365 1776 416 1846 ira
434 1790 504 1863 tua,
520 1774 624 1848 libere
643 1803 715 1866 nos,
735 1778 893 1850 Domine.

293 1892 346 1962 Ab
368 1892 542 1962 subitanea
560 1909 594 1964 et
612 1893 798 1991 improvisa
815 1908 943 1983 morte,
960 1891 1067 1964 libera
1088 1917 1171 1983 noe,
1189 1891 1326 1964 Domine.

294 2007 348 2078 Ab
364 2005 495 2076 insidiis
510 2007 648 2101 diaboli,
666 2008 865 2099 liberaum,
886 2011 1042 2085 Domine.

295 2122 347 2191 Ab
367 2123 417 2191 ira
431 2137 464 2192 et
477 2121 568 2213 odio,
581 2139 614 2193 et
635 2127 727 2195 omni
747 2125 834 2196 mela
853 2125 1043 2214 voluntate,
1060 2123 1168 2196 libera
1185 2149 1255 2210 nos,
1268 2125 1327 2192 Do·
1416 2195 1417 2200 ,

343 2238 444 2308 mine.

294 2359 323 2427 A
342 2355 464 2451 spiritu
484 2354 730 2445 fornicationis,
745 2357 853 2430 libera
865 2381 942 2448 nos,
956 2361 1118 2428 Domine.

294 2475 323 2543 A
340 2470 474 2567 fulgure
489 2487 521 2541 et
538 2487 749 2567 tempestate,
764 2473 868 2544 libere
886 2499 959 2562 non,
972 2475 1132 2549 Domine.

295 2591 325 2656 A
343 2601 453 2656 morte
468 2601 644 2682 perpetua,
662 2587 768 2659 libero
783 2613 857 2675 nos,
870 2590 1029 2662 Domine.

296 2707 359 2774 Per
380 2705 576 2799 mysterium
607 2719 729 2774 sanctae
757 2706 1008 2777 Inoarnutionis
1032 2720 1119 2796 tue,
1143 2705 1249 2778 libera
1270 2727 1329 2792 nos,

311 2824 314 2830 ’
344 2820 504 2890 Domine.

295 2939 361 3005 Per
377 2934 572 3007 Adventum
585 2950 696 3021 tuum,
714 2935 819 3006 libera
839 2961 914 3026 nos,
928 2937 1086 3018 Domine.

294 3055 358 3121 Per
373 3049 594 3121 Nativitatem
614 3066 721 3140 tuem,
742 3051 848 3124 libere
862 3076 938 3139 nos,
954 3053 1114 3122 Domine.

295 3168 360 3234 Per
373 3166 584 3265 baptismum
598 3181 631 3236 et
646 3177 802 3237 sanctum
818 3157 993 3263 Jejunium
1010 3183 1125 3258 tuum,
1147 3167 1252 3240 libera
1268 3190 1328 3250 nos,
1416 3247 1417 3264 χ

344 3281 502 3350 Domine.
1214 3293 1217 3300 ⁴

296 3398 359 3465 Per
374 3399 518 3466 Crucem
537 3411 570 3465 et
585 3397 775 3468 Passionem
792 3412 897 3482 tuam,
915 3397 1112 3492 liberaum,
1131 3401 1287 3470 Domine.

295 3516 358 3583 Per
372 3515 520 3584 Mortem
539 3528 574 3582 et
592 3510 809 3609 sepulturam
824 3529 937 3603 tuum,
954 3515 1060 3586 libera
1080 3540 1164 3607 uos,
1187 3513 1328 3586 Domine.

279 3633 358 3723 ‚Per
375 3642 525 3699 sanctam
543 3631 837 3708 Resurrectionem
854 3647 961 3716 tuam,
979 3631 1084 3707 libera
1100 3659 1175 3723 nos,
1187 3629 1328 3705 Domine.

293 3751 358 3818 Per
381 3742 615 3818 admirabilem
636 3748 875 3818 Ascensioncm
902 3764 1018 3840 tuam,
1039 3747 1143 3821 libera
1171 3775 1249 3840 nos,
1269 3750 1327 3817 Do·

345 3861 445 3932 mine.
798 3872 800 3876 ’

293 3979 358 4046 Per
376 3975 560 4046 adventum
578 3975 725 4072 Spiritus
740 3978 848 4050 sancti
867 3979 1044 4074 Paracleti‚
1057 3980 1163 4054 libera
1184 4007 1254 4069 nos,
1270 3983 1327 4051 Do·

343 4117 446 4162 mine.

293 4210 333 4275 In
348 4207 402 4276 die
417 4206 550 4300 judicii,
571 4207 675 4280 libera
695 4235 771 4302 nos,
791 4212 951 4283 Domine.
