2910 5038
310 441 379 518 562
650 453 852 534 cinomiam
875 471 1017 522 sturia.

355 599 431 672 Fiat
449 621 565 672 mensa
585 624 704 672 eorum
727 625 843 674 eoram
872 603 954 698 ipsis
972 601 1008 674 in
1029 602 1202 702 laqueum,
1226 607 1332 678 *etin

306 717 569 807 retributiones,
583 719 663 788 etin
680 717 890 790 scandalum.

354 836 590 906 Obscurentur
607 833 699 906 oculi
722 857 861 928 eorum,
886 861 929 910 ne
949 837 1105 931 videant3
1131 839 1198 912 *et
1217 841 1334 914 dorsum

305 976 421 1021 eorum
436 977 567 1047 semper
582 951 733 1022 incurva.

349 1068 497 1140 Effunde
510 1092 611 1164 super
622 1093 680 1142 eos
693 1069 778 1142 iram
793 1083 908 1160 tuaut;
926 1068 941 1100 *
955 1086 989 1142 et
1002 1071 1098 1144 luror
1111 1072 1169 1146 irae
1183 1089 1249 1148 tuae
1259 1097 1335 1146 eon·

303 1184 489 1280 prehendat
506 1210 573 1255 eos.
1034 1253 1039 1260 ,

352 1301 426 1372 Fiat
439 1301 604 1372 habitatio
615 1315 738 1374 ‘eorum
753 1300 904 1396 deserta,
921 1299 983 1374 *et
1000 1304 1033 1374 in
1056 1305 1276 1378 tabernaculis
1290 1333 1334 1377 eo·

302 1440 378 1488 rum
402 1403 528 1488 nonsit
540 1418 601 1513 qui
614 1417 801 1507 inhabitet;

350 1535 523 1622 Quoniam
542 1559 644 1630 quem
672 1549 711 1606 tu
734 1535 948 1630 percussisti,
976 1539 1143 1632 persecuti
1167 1555 1265 1632 sunt;
1286 1539 1335 1608 *et

300 1675 401 1746 super
414 1649 565 1722 dolorem
579 1649 757 1722 vulnerum
771 1676 924 1722 meorum
938 1651 1158 1726 addiderunt.

348 1770 492 1862 Appone
521 1766 735 1862 iniquitatem
757 1789 859 1862 super
884 1767 1101 1863 iniquitatem
1122 1791 1262 1858 eorum,
1282 1768 1336 1838 *et

300 1895 369 1954 n'on
384 1884 512 1953 intrent
526 1884 561 1953 in
572 1885 738 1979 justitiam
754 1899 861 1954 tuam.

346 1999 535 2072 Deleantur
559 1999 601 2073 de
621 1999 708 2074 libro
730 2000 936 2090 viventium
968 1999 984 2030 *
1005 2015 1040 2072 et
1057 2023 1139 2074 eum
1163 2003 1263 2098 justis
1280 2026 1335 2074 uon

298 2116 500 2220 scribantur.

344 2237 418 2330 Ego
435 2257 511 2306 sum
523 2259 652 2332 pauper
664 2249 700 2308 et
716 2230 855 2306 dolans:
875 2232 892 2266 ⁴*
904 2231 995 2306 salus
1010 2249 1089 2326 tua,
1107 2239 1220 2328 Dens,
1242 2259 1335 2306 susce·

295 2350 349 2446 pit
367 2376 431 2422 me.
701 2445 702 2450 ἵ

343 2466 506 2539 Laudabo
529 2491 653 2539 nomen
677 2468 742 2539 Dei
760 2491 839 2538 cum
858 2464 1013 2556 cantico,
1044 2462 1105 2536 *et
1123 2464 1334 2564 magnificabo
1369 2483 1373 2492 ’
1415 2489 1416 2502 ’

294 2608 372 2656 eum
387 2585 424 2654 in
438 2583 547 2656 laude.

342 2703 388 2770 Et
406 2698 553 2797 placebit
573 2705 649 2774 Deo
674 2724 778 2797 super
793 2698 942 2774 vitulum
961 2695 1154 2788 novellum,
1185 2699 1200 2731 *
1224 2719 1332 2772 cornua
1413 2795 1414 2801 η

293 2815 536 2910 producentem
554 2833 589 2886 et
606 2814 765 2913 ungulas.

341 2932 487 3004 Videant
504 2958 692 3031 pauperes,
718 2946 753 3004 et
766 2930 947 3004 laetentur:
977 2927 1150 3024 *quaerite
1170 2935 1294 3017 Deum,
1306 2939 1332 2996 et
1412 2929 1413 2947 l

292 3047 381 3118 vivet
394 3050 512 3119 anima
521 3065 649 3139 vestra;

342 3165 514 3252 Quoniam
537 3165 706 3238 exaudivit
729 3187 892 3261 pauperes
909 3161 1098 3250 Dominus,
1127 3158 1145 3192 *
1161 3177 1198 3234 et
1219 3162 1331 3234 vinctos

292 3302 370 3350 suos
389 3306 458 3350 non
474 3280 634 3377 despexit.

244 3433 246 3438 ·
297 3417 300 3422 ·
339 3396 496 3469 Laudent
515 3396 610 3468 illum
635 3395 710 3468 eueli
729 3408 762 3466 et
779 3409 887 3485 terra,
906 3383 1049 3485 *mere,
1064 3407 1099 3462 et
1110 3395 1227 3466 omnia
1241 3389 1328 3486 repti-

291 3507 335 3583 lia
348 3513 384 3583 in
401 3513 460 3584 eis.

339 3629 512 3718 Quoniam
525 3634 621 3704 Deus
635 3629 761 3702 salvam
775 3628 875 3700 laeiet
889 3627 990 3714 Sion,
1009 3626 1026 3660 ⁴*
1036 3625 1329 3716 etpdificabuntur
1407 3657 1408 3681 i

289 3744 439 3816 civitates
456 3747 554 3820 luda.
1406 3809 1407 3827 ,

336 3865 381 3932 Et
397 3863 636 3934 inhabitabunt
649 3864 719 3955 ni,
747 3863 815 3933 *et
838 3859 1032 3932 haereditate
1052 3860 1230 3954 acquirent
1256 3875 1325 3926 eam·
1405 3912 1406 3973 p

336 3981 380 4047 Et
392 4003 504 4048 semen
521 4005 695 4050 servorum
708 3981 780 4075 ejus
799 3977 983 4074 possidebit
995 4001 1090 4064 eam3
1110 3977 1175 4044 *et
1192 3973 1250 4070 qui
1265 3967 1327 4039 dili·

287 4108 374 4187 gunt
392 4119 515 4166 nomen
536 4093 609 4186 ejus
623 4096 828 4167 habitabunt
840 4097 876 4164 in
890 4119 941 4166 ea.
1403 4187 1404 4200 ἦ

336 4208 455 4283 Gloria
469 4212 574 4285 Patri.
596 4211 692 4285 Sicut
710 4227 794 4306 erat,
808 4225 873 4282 ete.
1403 4205 1404 4267 l

1401 4313 1403 4418 l
