2928 5000
292 435 339 522 38
649 459 828 532 enantibus.
854 481 991 531 ranna.

294 610 531 716 esquiramus:
553 610 602 681 vel
624 612 714 708 quod
731 613 861 682 cautior
877 608 1074 681 deliberatio
1097 621 1145 679 est
1167 604 1194 678 si
1212 603 1252 676 ad
1268 625 1335 673 nos·

295 739 384 801 trum
403 729 569 826 judicium
593 727 778 799 multorum
803 728 966 797 sententia
988 720 1247 812 accesserit,ch
1264 719 1336 814 quia

294 846 385 942 apud
408 846 480 915 illos
499 846 621 941 quibus
640 843 814 914 corrsulere
835 844 977 913 maxime
999 844 1167 940 cupimus,
1183 841 1335 932 majorem

295 962 530 1034 auctoritatem
545 961 839 1066 e1,P⁰„¹¹‘l¹¹⁸„l,¹³b⁶¹
852 959 1053 1032 consultatio
1069 959 1102 1029 in
1118 983 1218 1053 quam
1233 951 1337 1052 plures

294 1081 535 1149 consenserint.
552 1081 611 1148 Est
630 1077 730 1173 hujus
746 1077 780 1144 in
794 1073 940 1147 Ecclesia
955 1075 1102 1144 instituti
1116 1087 1234 1146 auctor
1249 1065 1337 1140 Chri·

294 1209 365 1264 stus
380 1196 562 1279 Dominus,
577 1193 796 1314 magistrique
806 1189 965 1292 apostoli.
982 1191 1070 1291 Nam
1082 1190 1154 1286 ejus
1168 1199 1256 1258 certa
1268 1183 1336 1278 qui-

295 1310 371 1378 dem
391 1315 475 1379 sane
489 1305 538 1378 es't
557 1287 615 1379 illa
636 1277 832 1403 promissio,
852 1289 929 1376 cuni
946 1304 1039 1375 suam
1060 1294 1159 1401 opem
1181 1321 1338 1392 suumque

294 1424 456 1496 auxilium
470 1450 504 1494 se
516 1424 661 1519 denique
676 1425 786 1517 ipsum
798 1422 964 1515 ejusmodi
977 1425 1114 1492 Parrum
1128 1415 1337 1492 conventibus

295 1542 358 1610 rite
376 1541 552 1611 celebratis
572 1539 750 1637 pollicetur
767 1553 801 1608 et
821 1537 947 1608 defert:
971 1536 1200 1632 Udisuerint,
1220 1531 1335 1627 iuquit,

294 1656 362 1726 duo
385 1657 536 1728 veltres
558 1656 762 1756 congregati
781 1655 819 1724 in
839 1655 982 1725 nominc
1001 1680 1092 1740 meu,
1112 1653 1164 1725 ibt
1186 1676 1247 1750 ego
1268 1669 1338 1717 suut
1433 1737 1434 1744 ἶ

294 1773 333 1839 in
351 1769 466 1839 medio
484 1795 628 1840 eorum:
651 1771 811 1864 itemque,
828 1770 863 1838 si
885 1767 953 1838 duo
972 1795 1018 1838 ex
1035 1768 1138 1840 vodis
1161 1786 1337 1840 conserue-
1433 1849 1434 1852 Ἴ

296 1893 366 1956 rint
382 1913 492 1982 super
509 1903 638 1996 terrum
657 1885 699 1989 dc
717 1888 816 1986 uprnt'
835 1911 872 1956 re
892 1911 1151 1986 quamcumque
1166 1884 1337 1983 petierint,
1433 1937 1434 1974 3

283 2005 358 2094 fiet
370 2003 442 2074 illu
458 2029 481 2072 u
496 2007 605 2074 Putre
620 2027 709 2072 meu.
733 2001 885 2098 Apostoli
906 2018 1018 2074 autem
1037 2004 1098 2074 etsi
1118 2003 1256 2100 doctore
1270 1994 1337 2092 Spi·
1432 2073 1434 2094 Α

296 2121 362 2187 ritu
379 2135 494 2190 sancto
514 2119 649 2189 uberem
669 2119 819 2188 omnium
844 2143 954 2194 rerum
977 2120 1206 2216 cognitionem
1225 2107 1338 2212 singuli
1431 2173 1434 2184 ,

296 2252 515 2332 acceperant,
546 2249 657 2338 tamen
683 2232 815 2332 siquid
843 2236 979 2333 gravius
1006 2233 1141 2330 publice
1164 2228 1338 2336 presertim
1431 2290 1434 2332 Ξ

297 2351 464 2446 agendum
485 2367 589 2438 esset,
608 2353 672 2451 hac
692 2341 905 2454 consultandi
930 2353 1061 2422 ratione
1089 2351 1137 2421 uti
1164 2367 1338 2422 consuere·
1431 2407 1434 2448 ἃ

265 2491 269 2496 ·
298 2482 398 2576 runt3
413 2476 514 2564 quam
528 2485 565 2538 ut
578 2470 687 2544 caeteri
698 2470 798 2572 etiam
814 2467 1066 2556 conservarent,
1083 2466 1155 2570 lege
1168 2472 1340 2540 sanxerunt
1430 2529 1433 2564 ;

296 2599 335 2653 ut
349 2586 399 2655 bis
416 2586 448 2656 in
464 2611 570 2658 annos
583 2586 732 2683 singulos
746 2585 886 2656 concilia
897 2585 939 2656 ab
954 2585 1118 2684 episcopis
1132 2581 1339 2679 haberentur.

296 2699 562 2774 Innumerabiles
585 2703 742 2801 deinceps
758 2703 946 2774 sanctiones
972 2715 1050 2771 sunt
1068 2702 1274 2802 constitutae,
1291 2694 1340 2763 de·
1431 2741 1433 2788 3

297 2833 454 2912 cretaque
468 2819 682 2916 promulgata
695 2835 728 2891 et
741 2819 784 2888 ab
801 2819 939 2918 summis
955 2817 1174 2912 pontificibus
1188 2830 1223 2886 et
1231 2841 1252 2916 'a
1267 2835 1340 2908 cou-
1428 2793 1433 2812 l

297 2931 393 3026 ciliis,
413 2960 489 3036 cum
512 2937 725 3034 oecumenicis
743 2918 815 3004 ium
832 2909 1104 3034 provincialibus,
1119 2933 1160 3030 de
1175 2926 1340 3004 retinenda
1430 3001 1432 3016 ,

194 3099 195 3104 κ
297 3039 356 3120 aut
373 3066 462 3120 certe
479 3051 659 3147 repetenda
673 3053 735 3121 hac
749 3051 954 3152 synodorum
968 3050 1224 3140 consuetudine,
1237 3070 1342 3144 quem·
1430 3027 1432 3040 .

298 3163 480 3236 admodum
508 3180 698 3268 temporum
728 3167 814 3266 ratio
845 3164 1048 3264 postulabat.
1077 3167 1191 3262 Atque
1217 3164 1339 3254 utinam
1430 3141 1432 3156 ⁴

297 3307 409 3375 quae-a
428 3283 641 3385 sanctissimis
660 3280 724 3352 illis
737 3283 821 3382 uiris·
835 3281 925 3352 culta
945 3298 978 3351 et
992 3283 1182 3380 posteritati
1196 3261 1240 3375 ad
1258 3274 1340 3350 salu·
1430 3349 1432 3370 1

297 3413 363 3466 tem
375 3395 530 3469 Ecclesiae
544 3399 668 3494 tradita
679 3395 764 3498 ratio
777 3415 825 3470 est
840 3394 1098 3496 provincialium
1112 3377 1340 3482 conciliorum,
1431 3375 1432 3380 ἵ

296 3539 370 3585 eam
387 3540 447 3585 nos
461 3514 504 3592 ad
518 3515 606 3614 hanc
623 3515 711 3609 diem
731 3517 786 3614 pie
803 3528 1061 3612 constanterque
1077 3491 1338 3613 rettinuissemuq

296 3644 328 3699 et
341 3647 503 3730 quantam
521 3629 568 3701 illi
587 3625 765 3704 consilii'et
780 3628 962 3700 voluntatis
983 3629 1025 3699 ad
1042 3626 1253 3725 prodendum
1271 3611 1342 3726 pos'·

296 3748 565 3847 teris'uptimum
588 3735 797 3845 institutum,
819 3760 952 3819 tautum
974 3744 1036 3819 nos
1055 3747 1188 3843 pietatis
1212 3759 1246 3814 et
1264 3739 1339 3848 'dili-

296 3861 416 3956 gentiae
435 3859 478 3930 ad
494 3858 657 3957 tuendum
675 3857 958 3954 adhibuissemus!
975 3861 1076 3962 hujus
1096 3862 1191 3961 enim!
1205 3877 1341 3957 consue·

295 3973 423 4045 tudinis
436 3975 639 4045 intermissio
659 3974 797 4078 difficile
811 3989 861 4044 est
876 3974 968 4044 dictu
984 3971 1128 4080 quantas
1142 3973 1341 4044 calamitates

294 4091 327 4158 iu
351 4089 570 4161 christianam
589 4090 830 4194 rempublipam
850 4082 1067 4164 invexerit...
1088 4093 1151 4164 Hic
1171 4094 1250 4159 not'a
1267 4078 1341 4156 sun't

294 4205 405 4296 vobis,
424 4209 554 4298 Patres,
573 4205 726 4290 Ecclesiae
748 4208 813 4284 Dei
833 4206 985 4298 vulnera,
1005 4234 1080 4302 quae
1099 4206 1243 4278 libenter
1258 4187 1340 4299 prae·
