2806 5026
199 409 343 460 corcme
360 413 463 480 rnov.
479 413 548 466 nau
569 414 728 474 corrone
743 417 792 468 eu
813 418 841 466 s·
855 399 967 468 sidon.
1042 395 1114 496 399

15 559 16 614 t
96 537 445 638 tegritateetreligionis
463 542 536 614 zelo
554 543 740 639 plurimum
754 547 787 618 in
802 548 952 622 Domino
967 548 1113 620 contidi-

91 675 160 736 mns,
179 655 210 724 in
225 651 382 750 praedicta
395 657 525 752 synodo
543 674 660 734 nostro
675 675 709 738 et
726 661 813 733 sedis
836 661 1029 758 apostolice
1048 689 1112 736 no·

91 768 163 844 mine
174 772 417 864 praesidentem,
431 800 509 847 cum
523 776 744 864 auctoritate,
759 775 994 866 facultatibus,
1010 779 1114 874 jnris-

88 882 228 974 dictione,
245 889 433 963 bonoribus
448 906 482 966 et
494 891 654 964 oneribus
668 890 835 970 similibus
855 895 1114 989 presidentibus

86 1005 346 1095 competentibus,
365 1022 399 1080 et
426 1005 500 1078 aliis
525 1007 631 1082 solitis
658 1023 692 1085 et
721 1010 909 1104 consuetis,
926 1010 1112 1105 apostolica

86 1120 263 1196 auctoritate
279 1137 396 1197 tenore
417 1127 631 1218 presentium
649 1124 811 1216 mmmm,
828 1126 1062 1203 constituimus
1079 1144 1112 1200 nt

84 1227 284 1327 deputamns3
299 1254 399 1332 teque
419 1242 453 1310 in
469 1242 620 1316 Domino
638 1241 815 1317 hortamur
829 1255 862 1312 et
878 1267 1055 1317 monemus
1076 1259 1113 1316 'nt

83 1350 227 1439 synodum
250 1354 443 1448 hujusmodi
469 1356 614 1428 fideliter
645 1381 778 1453 regere,
801 1382 840 1426 ac
863 1356 896 1433 in
922 1356 978 1428 illa
998 1362 1110 1429 omnia

81 1470 195 1556 quand
211 1495 410 1568 prosperum
421 1473 635 1556 ecclesiarum
655 1474 890 1569 praedictarum
909 1474 1059 1568 regimen
1077 1492 1111 1553 et

80 1582 265 1673 guberuium
291 1590 464 1684 pertinent
483 1589 638 1680 decerni,
666 1590 767 1660 statui
789 1603 824 1661 ct
844 1589 996 1663 ordinari
1015 1615 1111 1667 cures

79 1711 105 1766 et
118 1699 232 1790 faciam
249 1706 297 1776 ita
316 1719 428 1779 tamen
444 1723 482 1786 nt
498 1731 535 1776 ea
552 1731 627 1800 qnos
643 1707 677 1778 in
694 1703 808 1784 eadem
825 1705 953 1801 synodo
966 1704 1110 1796 decreta,

49 1841 51 1848 ·
77 1828 185 1890 statuta
203 1836 237 1896 et
254 1822 409 1896 ordinate
425 1823 560 1912 forent,
580 1825 614 1897 in
634 1847 800 1918 suspenso
812 1837 1020 1910 remaneant,
1036 1821 1111 1893 illo·

76 1953 202 2028 rumque
217 1940 385 2027 executio,
407 1939 549 2016 donnes
573 1940 841 2033 congregatione
868 1931 1109 2015 venerabilium

75 2045 201 2136 botrum
216 2071 413 2134 nostrornm
433 2059 471 2128 Sr
488 2060 530 2127 tt.
550 2061 588 2128 tt.
610 2055 843 2142 cardinalium,
869 2056 1014 2150 negotiis
1029 2081 1109 2150 pro-

73 2171 219 2260 pagandae
238 2172 319 2248 fidei
341 2174 536 2267 preposita,
559 2173 749 2249 examinata
772 2185 807 2240 et
827 2173 1011 2266 approbata
1039 2198 1109 2242 nou

72 2279 203 2377 suerint,
224 2287 355 2365 differri
373 2289 502 2365 debeat.
520 2289 722 2362 Mariclautes
742 2303 917 2382 propterea
933 2288 967 2369 in
985 2289 1109 2386 virtute

71 2417 179 2477 sancta
196 2405 401 2482 obedientiae
416 2405 580 2500 predictis
594 2401 818 2498 metropolitae
831 2417 864 2492 ot
877 2403 1055 2498 episcopis,
1070 2431 1109 2485 ne

70 2511 183 2593 dilectis
207 2521 286 2599 filiis
308 2520 399 2595 clero
410 2521 468 2617 (ι)
484 2523 517 2594 iu
542 2521 702 2616 praedicta
717 2518 847 2615 synodo
873 2522 1083 2614 congregans
1096 2572 1123 2610 „

68 2627 197 2728 aliisquo
218 2638 263 2712 ad
277 2660 362 2732 quos
377 2638 542 2734 pertinet,
558 2652 597 2708 ut
615 2653 647 2715 tn
666 2637 700 2713 in
718 2634 866 2730 ejusdem
880 2635 1017 2730 synodi,
1035 2661 1108 2707 uos·

66 2760 111 2818 tro
132 2766 165 2823 et
193 2753 366 2847 praedictae
383 2753 470 2824 sedis
494 2754 631 2827 nomine
646 2739 894 2847 presidentem,
916 2764 1109 2827 reverenter

38 2873 41 2885 '
65 2868 254 2962 suscipiant,
278 2869 407 2962 tibique
429 2869 462 2938 in
486 2869 645 2940 omnibus
662 2866 703 2936 ad
724 2866 935 2963 praesidentis
956 2864 1106 2943 officium

64 2985 303 3070 pertinentibus
320 3001 478 3078 pareant,
497 2984 659 3057 obediant
673 2999 707 3063 et
720 2983 887 3070 assistant,
911 2995 1037 3074 tutique
1057 3007 1107 3050 sn·

62 3092 160 3172 lubria
176 3103 309 3176 monita
328 3117 361 3173 et
374 3101 466 3194 jussa
481 3101 653 3177 humiliter
672 3090 856 3194 suscipiant
875 3113 908 3167 et
925 3096 1107 3172 efficaciter

61 3213 240 3310 adimplere
260 3233 487 3312 procurent.»
508 3215 579 3314 (no
598 3243 686 3295 triers
709 3215 834 3313 1716.)
875 3220 877 3226 '

101 3334 165 3405 Les
183 3349 277 3407 actes
297 3333 343 3411 du
366 3334 497 3406 concile
511 3333 554 3406 de
568 3336 687 3405 Russie
706 3333 833 3420 furent,
854 3355 897 3402 en
919 3329 1014 3416 effet,
1042 3355 1107 3400 en-

58 3447 150 3542 voyds
173 3436 220 3520 au
246 3449 441 3545 saint-siege
464 3475 505 3522 en
539 3455 641 3548 1724.
663 3449 830 3543 L'dvdque
850 3444 1106 3540 metropolitam

57 3562 232 3659 s’exprime
259 3567 345 3638 ainsi
364 3567 450 3644 tlans
478 3593 514 3644 sn
543 3567 643 3636 lettre
675 3564 809 3638 d’enroi
841 3588 883 3633 au
917 3586 1004 3656 pope
1036 3566 1104 3632 Be·
1136 3575 1142 3584 ”

57 3678 123 3748 noit
140 3683 231 3752 Xlll
245 3708 251 3751 :
263 3709 280 3746 c
294 3687 403 3776 Opus,
419 3683 609 3754 beatissime
619 3685 728 3764 Pater,
743 3675 927 3748 Clementis
945 3678 994 3750 XI
1004 3673 1102 3768 jussu

55 3807 84 3860 et
106 3797 270 3897 auspiciis
293 3797 435 3875 feliciter
466 3800 685 3880 iunlrontum,
708 3793 774 3886 {sed
806 3791 991 3862 iunocentii
1021 3794 1104 3862 xttt

53 3915 263 4001 praecessoris
280 3917 330 3984 tui
347 3914 479 3992 favente
503 3917 640 3986 uurniue
662 3911 790 3984 felicius
809 3920 1102 4004 consummatum,

83 4151 120 4220 (ι)
136 4152 221 4208 Nous
232 4169 349 4224 pensons
360 4153 426 4226 qu'il
443 4153 502 4212 saut
515 4154 564 4210 lire
576 4174 590 4208 e
604 4153 682 4210 edero·
