2806 5026
302 412 374 500 utu
637 417 846 499 Qunrmluss
870 436 1009 488 nnuma.

301 563 504 638 auctoritate
518 577 636 638 nostra
651 563 925 663 arehiepisoopnli
945 591 1136 658 monemus,
1150 582 1187 656 nt
1202 568 1322 648 numus

305 681 353 754 ad¹
370 681 541 776 proximos
565 681 640 755 idus
657 682 805 763 octobris
819 683 854 757 iu
877 683 1123 773 Mediolanensi
1146 701 1255 757 nostra.
1268 709 1325 754 rue-

302 795 508 895 tropolitaua
531 792 733 871 eoelesiaad
756 798 969 893 provincialis
1000 799 1132 884 concilii
1154 799 1326 892 celebratio·

302 937 381 990 nem
398 912 541 985 intersit.
562 911 665 1004 Quod
686 912 714 984 si
732 910 872 986 lortesse
887 929 920 985 te
938 912 1052 1011 aliqua
1062 914 1154 1012 justo
1173 915 1328 998 necessitas

303 1028 495 1126 impedierit
512 1028 629 1134 (quam
646 1053 665 1099 a
685 1042 718 1100 te
737 1029 836 1100 nobis
855 1029 1036 1125 significari
1055 1045 1089 1101 et
1099 1031 1194 1128 justa
1211 1030 1330 1101 monni-

304 1171 360 1228 eas
379 1147 567 1228 sanctiones
587 1143 724 1240 probari
742 1143 951 1241 oportebit),
968 1143 1144 1240 specialem
1160 1159 1331 1242 procurato

265 1282 268 1290 ·
304 1287 375 1334 rem
390 1259 673 1358 quemadmodum
695 1258 796 1330 debes
810 1257 853 1334 ud
875 1258 1042 1356 synodum
1058 1261 1189 1350 mittas;
1204 1257 1331 1355 alioquin

307 1377 454 1454 moneris
473 1390 507 1446 te
520 1401 636 1473 poenas
653 1376 757 1453 sacris
776 1376 965 1460 canonibus
980 1377 1183 1459 constitutas
1200 1377 1334 1451 incuso

306 1522 393 1574 rum.
405 1498 586 1569 Monemus
597 1507 756 1590 praeterea
768 1489 1027 1589 amplitudinem
1038 1507 1133 1564 tuam
1147 1507 1185 1564 ut
1198 1491 1334 1579 edietum,

305 1612 397 1710 quod
411 1611 464 1682 his
482 1608 604 1686 litteris
624 1608 861 1704 adjunximus,
878 1609 913 1694 in
931 1622 998 1689 tues
1012 1609 1215 1700 cathedralis
1225 1625 1260 1682 et
1269 1607 1334 1680 aliu·

306 1754 382 1800 rum
395 1727 582 1824 insignium
596 1739 663 1800 tue.
673 1725 825 1808 dioecesis
838 1725 866 1796 si
882 1749 957 1820 quae
971 1726 1038 1816 sint
1052 1724 1268 1807 eeclesiarum
1281 1722 1333 1794 val·

305 1847 374 1936 vis,
390 1859 429 1917 ut
442 1843 600 1914 omnibus
616 1843 814 1935 innotescat,
829 1842 1080 1940 quamprimum
1095 1841 1294 1942 affigendum
1308 1857 1333 1910 et

306 1958 552 2058 publicandum,
572 1982 690 2047 cures;
717 1956 814 2051 eujus
839 1953 1122 2056 promulgationis
1152 1980 1215 2060 per
1233 1958 1334 2030 iustru-

307 2091 419 2148 menta
437 2073 573 2172 publiea
592 2099 652 2146 nos
670 2072 773 2162 farios
786 2073 989 2152 oertiores.»

286 2257 289 2262 ,
355 2176 465 2264 Outre
489 2189 522 2264 la
548 2188 646 2270 lettre
673 2187 891 2268 d'indicotion
917 2205 951 2262 et
969 2188 1061 2272 t’tdis
1087 2191 1266 2266 taffichn
1286 2215 1336 2262 nux

306 2323 422 2408 portes
444 2307 501 2378 des
513 2304 740 2394 mthddrales,
754 2306 843 2378 saint
858 2305 1000 2380 Charles
1014 2308 1203 2391 ‘Bormmee
1220 2308 1337 2382 avertis·

298 2426 372 2514 ¹suit
387 2450 449 2522 par
466 2447 534 2496 une
549 2421 646 2496 lettre
659 2421 803 2520 speciale
821 2438 898 2495 tous
911 2449 962 2496 ses
976 2423 1185 2524 suffragante
1204 2426 1337 2506 d’emme·

308 2567 369 2621 uer
392 2567 473 2614 aveo
492 2565 558 2618 eux
577 2538 678 2628 deux,
692 2536 832 2635 diputes
848 2538 897 2610 du
915 2540 1085 2638 (thespide,
1109 2541 1200 2616 deux
1230 2537 1337 2626 tltt'tolo·
1392 2516 1393 2602 l

307 2661 403 2758 giens
413 2712 423 2749 ‚
435 2671 470 2734 et
485 2655 575 2734 deux
587 2670 702 2728 autres
716 2653 983 2752 eeclesiastiques
994 2659 1053 2754 qui
1068 2674 1210 2754 possent
1222 2653 1339 2750 remplir
1392 2625 1393 2680 l

307 2776 340 2856 la
357 2777 481 2872 charge
495 2772 537 2844 de
549 2772 695 2845 temoins
713 2770 898 2868 synodoux.
913 2800 931 2838 u
945 2776 1013 2844 Pro
1030 2777 1096 2846 mei
1114 2775 1266 2849 muueris
1279 2767 1339 2842 offi-

308 2894 361 2964 cio
381 2888 643 2990 ‚amplitudinem
662 2902 804 2969 vestram
830 2888 960 2960 hot-turi
982 2887 1091 2982 uolui,
1113 2892 1260 2986 primum
1278 2883 1339 2982 qui·

309 3007 444 3088 demut
462 3004 548 3075 duos
565 3027 607 3076 ex
628 3000 829 3098 capituloet
850 2999 1008 3080 doctrina
1025 3017 1059 3076 et
1084 3005 1254 3100 probitate
1275 3023 1340 3098 prae·

310 3133 452 3211 stantes,
464 3121 523 3217 qui
538 3119 656 3217 synodi
672 3119 870 3191 tractatibus
884 3120 1044 3193 interesse
1056 3122 1205 3216 possint,
1218 3116 1340 3192 maxime

310 3263 411 3335 super
431 3235 495 3309 illis
514 3261 589 3335 quae
603 3237 714 3333 ipsum
728 3233 915 3332 capitulum
935 3238 1135 3334 contingere
1155 3237 1338 3334 dignoscun-

309 3368 387 3442 ,tur;
406 3350 492 3422 duos
505 3349 606 3430 etiam
624 3373 667 3426 ex
685 3349 832 3430 universi
850 3347 932 3420 oleri
949 3374 1092 3448 corpore
1110 3376 1228 3422 secum
1246 3347 1285 3418 ad
1300 3369 1340 3439 sy·

309 3467 438 3542 nodum
455 3466 557 3538 ducet
574 3465 633 3562 qui
652 3491 765 3539 rerum
781 3466 1042 3562 experientiam.
1057 3466 1218 3540 doctrine
1233 3458 1339 3562 synodo

308 3583 466 3690 prodesse
480 3582 622 3678 possint.
635 3581 767 3654 Deinde
776 3607 855 3653 vero
868 3596 906 3654 ut
919 3580 1005 3654 alios
1015 3581 1135 3676 duos...
1149 3579 1340 3682 synodalium

311 3703 445 3778 testium
461 3722 584 3772 munus
602 3695 858 3796 adimpleturos.
876 3732 894 3768 s

743 3926 914 3954 -000—
