2910 5038
549 497 810 587 ceremoniae..
1091 491 1175 568 601

141 643 313 717 dictionem
331 671 350 716 a
368 660 602 716 conservatore
621 647 647 716 si
667 671 812 742 praesens
834 644 949 734 fuerit,
963 644 1015 717 vel
1037 646 1081 716 ab
1094 648 1181 718 anti·

139 765 250 860 quiore
263 763 420 857 episcopo
436 762 465 832 si
478 761 522 832 sit
533 763 666 833 absens.
679 757 838 832 Praelecto
855 761 1032 858 evangelio
1051 764 1180 836 oscule-

138 993 269 1088 incipiat
278 1007 495 1063 conservator
503 978 667 1088 liymnum
685 995 777 1061 Veni
793 995 949 1080 Creator,
965 1007 998 1062 et
1011 993 1056 1063 ad
1066 1019 1179 1088 quem·

136 1107 209 1178 libet
226 1132 359 1177 versum
382 1108 571 1178 incensetur
587 1105 692 1177 altare
713 1106 759 1177 ab
780 1108 955 1205 episcopis.
971 1110 1053 1200 Quo
1068 1109 1178 1194 facto,

136 1225 188 1320 qui
211 1223 351 1293 haberet
376 1221 486 1293 dicere
515 1248 703 1293 sermonem
735 1237 873 1318 accepta
899 1222 1136 1294 benedictione
1158 1249 1177 1294 a
1276 1307 1280 1316 ξ

134 1351 382 1426 conservatore,
402 1338 541 1432 incipiat
565 1360 758 1408 sermonem
783 1337 826 1408 ad
846 1362 953 1408 cornu
972 1337 1101 1418 altaris.
1121 1337 1177 1408 Fi·

134 1457 200 1526 nito
222 1479 377 1524 sermone
399 1469 565 1524 vocentur
581 1455 673 1526 citati
693 1455 734 1524 ad
757 1452 956 1543 concilium,
971 1469 1005 1525 et
1022 1454 1176 1526 absentes

131 1572 313 1669 puniantur
320 1570 506 1642 secundum
521 1585 658 1641 statuta.
669 1572 807 1662 Quibus
816 1570 951 1641 statutis
962 1569 1087 1640 ibidem
1095 1595 1174 1664 per·

130 1687 219 1758 lectis
248 1687 282 1756 in
308 1686 465 1782 publico,
492 1690 785 1758 excommunicent
813 1688 962 1784 episcopi
988 1686 1174 1758 secundum

128 1819 267 1893 statute,
281 1803 443 1873 habentes
462 1804 497 1873 in
520 1803 674 1874 manibus
689 1803 813 1898 singuli
830 1802 997 1874 candelas.
1017 1800 1175 1900 (Supple-

128 1917 602 2011 meutdeMansiltColeti,t.
620 1923 664 2010 ΙΙ,
685 1919 842 2018 p.·226.)
947 1949 951 1952 ·

171 2037 218 2106 Ce
231 2033 360 2106 concile
379 2035 420 2106 de
442 2033 536 2110 1225
551 2061 586 2106 se
601 2039 745 2106 termine
757 2063 820 2132 par
833 2063 899 2108 une
913 2037 998 2107 serie
1011 2033 1172 2106 d’excorn·

124 2152 349 2225 munications
361 2177 404 2224 au
420 2153 504 2224 bout
519 2152 704 2250 desquelles
718 2152 765 2224 les
776 2151 931 2250 dvlques,
944 2152 1116 2248 dteignant
1127 2151 1174 2224 les

122 2271 247 2366 cierges
266 2270 364 2366 qu’ils
383 2272 532 2341 tenaient
548 2272 566 2339 ai
584 2268 615 2340 la
636 2272 738 2358 main,
757 2285 968 2365 prononcent
986 2295 1041 2339 ces
1060 2285 1173 2340 muts:

121 2391 194 2457 «Et
205 2387 294 2456 sicut
308 2386 378 2455 haec
392 2383 529 2456 lucerna
544 2386 580 2454 in
596 2386 748 2480 praeseuti
764 2384 988 2480 extinguitur,
1005 2384 1051 2454 sic
1064 2385 1172 2452 extin-

121 2509 269 2598 guantur
290 2500 434 2571 lucernae
453 2526 571 2571 eorum
594 2516 671 2570 ante
686 2501 857 2571 viventem
876 2501 910 2568 in
929 2496 1048 2569 saecula
1067 2495 1170 2568 sricu·

120 2617 248 2708 lorum,
264 2632 297 2686 et
314 2617 555 2712 demergantur
573 2616 606 2684 in
620 2615 755 2684 inferno
768 2615 887 2685 anime
900 2637 1018 2684 eorum
1038 2612 1101 2682 nisi
1119 2637 1172 2682 re·

119 2734 285 2831 sipuerint
298 2731 382 2803 etad
397 2731 658 2804 satisfactionem
670 2745 704 2801 et
718 2719 988 2802 emendationem
998 2730 1165 2802 venerint.

118 2851 204 2938 Fiet,
223 2848 293 2943 fiat,
312 2873 425 2921 amen.
442 2880 459 2914 n

373 3215 440 3267 Ordo
453 3215 589 3298 celebrandi
600 3217 697 3268 concilii
710 3215 845 3268 Illtcmensis
859 3221 932 3271 1326,
1011 3214 1018 3221 ’

163 3381 206 3448 In
225 3376 291 3446 hoc
303 3400 398 3445 sacro
417 3375 614 3472 provinciali
628 3375 774 3446 concilio
789 3376 943 3446 ordinem
958 3379 1161 3472 procedendi

108 3495 291 3591 cupientes
315 3507 464 3562 statuere
489 3495 564 3562 Deo
594 3471 743 3587 gratum,
767 3507 805 3562 ut
831 3491 943 3563 suavis
971 3509 1005 3562 et
1032 3493 1166 3567 dulcior

106 3609 279 3681 reddatur
292 3607 470 3704 pastoralis
485 3606 723 3680 sollicitudinis
742 3608 839 3681 labor
860 3611 895 3680 in
917 3607 1052 3682 fructu:
1075 3613 1166 3684 ordi-

106 3753 236 3798 nemus
254 3753 317 3822 pro
340 3727 462 3796 futuris
486 3726 717 3822 temporibus,
740 3743 777 3798 ut
803 3728 954 3826 ingressu
975 3733 1059 3801 sacri
1086 3757 1167 3828 pro·

103 3841 269 3914 vincialis
307 3841 440 3912 concilii
474 3844 574 3912 missa
605 3843 647 3913 de
682 3845 811 3941 Spiritu
844 3849 969 3917 Sancto
1010 3837 1168 3944 per'nos

100 3959 402 4054 archiepiscopum
430 3974 465 4028 et
495 3985 700 4030 successores
736 3975 867 4031 nostros
895 3963 1167 4062 archiepiscopos

99 4077 331 4162 Rhemenses,
347 4074 397 4145 vel
422 4077 545 4170 quibus
566 4079 827 4166 committemus,
850 4080 884 4149 in
904 4081 1165 4175 pontificalibus,

99 4191 341 4262 celebrabitur
369 4190 584 4282 solemniter;
613 4194 835 4290 suffraganeis
858 4197 1041 4267 secundum
1066 4224 1164 4270 suum
