2806 5024
214 499 365 553 cosmae
383 503 487 554 aaov.
506 500 576 554 aaa
596 504 760 555 eamear
776 505 824 554 au
841 507 868 553 s.
880 488 990 552 sraea.
1067 485 1133 557 231

14 599 16 620 ³
104 655 117 691 a
134 629 227 725 paule
243 627 424 704 illustrium
437 637 755 722 exauctorationem
771 637 798 703 si
814 657 891 729 quoe
904 634 1021 729 synodi
1037 633 1139 730 paulo

13 759 14 762 ’
104 747 323 822 «celebriores
348 751 472 821 habire
499 765 600 841 sunt,
632 754 668 821 in
696 751 821 847 quibus
846 749 1004 820 omnibus
1026 765 1139 846 partes

101 864 246 956 «primas
264 892 333 935 uon
353 867 460 961 egerit
476 871 653 937 Romanus
671 865 835 962 pontifex»
849 895 867 932 e

139 979 199 1047 Les
214 981 314 1050 Perea
328 981 376 1052 du
394 984 541 1075 premier
552 981 684 1052 concile
700 975 842 1067 d’Arles‚
862 977 926 1051 l'an
947 980 1039 1072 314,
1053 980 1139 1053 ieri·

98 1097 194 1165 vireat
207 1121 249 1166 au
270 1123 356 1193 pape
371 1099 459 1168 saint
478 1097 647 1194 Sylvesire
664 1123 706 1167 en
721 1097 770 1168 lui
786 1100 929 1169 rendant
943 1111 1079 1194 'compte
1098 1099 1140 1170 de

100 1235 131 1280 ee
147 1213 242 1308 qa'iis
257 1218 389 1285 avaient
410 1214 471 1285 fait
489 1227 523 1285 et
541 1210 675 1285 decreti
694 1239 703 1284 ε

137 1331 308 1402 «Domno
339 1330 553 1402 sanctissimo
588 1330 686 1400 iiutri
719 1327 881 1400 Siivestro
907 1331 1061 1402 Marinus
1088 1333 1141 1404 vei

99 1457 190 1514 cetus
210 1448 449 1542 episcoporum
466 1447 526 1541 qui
539 1446 680 1520 adunati
702 1446 842 1516 fuerunt
857 1447 893 1516 iu
911 1447 1039 1543 oppido
1056 1452 1140 1519 Are-

10 1614 11 1631 i
98 1559 212 1633 latensi.
242 1565 339 1654 Quid
365 1564 613 1636 decreverimus
637 1566 810 1634 communi
836 1563 979 1635 coasilio
1005 1568 1140 1637 caritati

10 1673 11 1676 ’
97 1692 152 1747 mee
167 1679 417 1775 significamus,
434 1695 472 1750 ut
486 1701 604 1750 omues
619 1682 726 1752 sciant
743 1677 796 1776 (r)
815 1681 898 1776 quid
913 1683 948 1752 in
965 1697 1139 1778 posterum

96 1794 265 1866 observare
282 1794 675 1894 debeant.e(Sirmond‚
691 1795 822 1866 Conuil.
842 1795 922 1892 gali.
941 1812 965 1868 t.
1003 1850 1012 1888 ‚
1034 1823 1067 1895 p.
1089 1796 1139 1896 5.)

136 1913 182 1980 Eu
202 1911 299 1999 34²5
325 1912 355 1982 ie
373 1937 461 2008 pape
482 1913 573 1982 Juies
591 1909 640 1981 ler
661 1911 853 2008 reprochait
876 1915 959 1984 ainsi
984 1939 1050 1985 aux
1069 1919 1139 1986 Eu-

95 2027 212 2098 sibiens
230 2028 363 2099 d'avoir
381 2029 465 2097 dans
480 2027 552 2098 leur
570 2025 700 2098 concile
719 2028 908 2099 eundemne
926 2029 1015 2100 saint
1032 2033 1139 2103 Atha·

94 2165 162 2212 uase
179 2167 257 2214 sans
284 2145 381 2213 avoir
401 2141 555 2214 consulte
583 2142 613 2212 ie
635 2141 832 2237 saint-siege
847 2167 855 2212 ε
869 2171 886 2208 e
900 2145 951 2214 An
976 2145 1139 2241 ignoratis

94 2258 205 2329 «hauc
225 2285 299 2330 esse
320 2259 603 2330 consuetudinem
623 2272 660 2328 ut
671 2261 818 2354 primum
840 2261 938 2330 nobis
957 2261 1136 2350 scribatur,

94 2378 255 2446 ret'hine
272 2377 364 2472 qued
380 2379 511 2471 justum
534 2391 583 2446 est
605 2373 818 2447 decernatur.
842 2378 930 2446 Sene
945 2380 972 2446 si
989 2403 1057 2472 qua
1075 2379 1136 2447 hu·

93 2493 264 2584 «jusmodi
285 2494 431 2588 suspicio
446 2493 480 2562 in
493 2491 583 2563 illius
598 2493 691 2562 urbis
708 2494 903 2588 episcopum
920 2493 1075 2582 cedebat,
1095 2494 1138 2564 ad

91 2607 202 2678 «hane
212 2607 400 2680 Ecclesiam
414 2607 620 2704 (romanam)
636 2605 850 2677 scribendum
869 2607 943 2676 urie.
959 2609 1060 2680 Nune
1076 2629 1137 2678 au·

10 2721 11 2728 ’
90 2747 102 2782 r
120 2737 180 2793 tem
202 2725 278 2813 iili,
301 2749 337 2794 re
353 2725 451 2794 nobis
467 2749 535 2794 nou
558 2723 728 2811 indicata,
754 2737 969 2817 posteaquam
987 2723 1079 2819 quod
1097 2722 1136 2794 li-

91 2840 190 2911 «buit
210 2865 331 2938 egere,
357 2865 455 2910 uos...
484 2841 547 2909 sibi
569 2840 705 2908 demum
726 2838 966 2934 suffragatores
985 2861 1055 2908 esse
1076 2865 1138 2910 vo-

9 2978 10 2982 *
90 2981 103 3014 a
122 2954 231 3029 lunt...
259 2956 376 3028 Aliena
395 2971 444 3026 est
468 2957 530 3026 iste
549 2957 656 3025 forma
675 2979 683 3026 ε
702 2977 832 3026 novum
847 2956 911 3024 hoe
932 2958 1136 3027 institutum.

91 3097 105 3132 a
121 3074 282 3160 Obsecro,
296 3076 388 3144 bono
401 3074 516 3143 animo
530 3071 631 3162 ferte3
647 3095 721 3167 quae
732 3073 820 3142 euim
834 3072 944 3142 scribo
958 3070 999 3141 ad
1009 3073 1137 3143 bouum

92 3191 294 3284 «publicum
315 3191 503 3260 conferunt.
523 3195 611 3264 Nam
631 3213 706 3283 quae
719 3191 909 3285 accepimus
928 3191 1060 3259 abeato
1078 3191 1138 3260 Pe·

89 3320 173 3376 «tro
196 3306 384 3402 Apostolo‚
414 3329 452 3377 ea
478 3307 573 3377 vobis
596 3306 767 3401 siguifico;
786 3331 855 3375 uon
877 3309 1064 3404 scripturus
1090 3323 1139 3378 ta-

89 3443 214 3512 rmen,
236 3423 331 3516 quod
355 3435 436 3490 nota
459 3421 549 3518 apud
571 3445 689 3490 omnes
709 3445 748 3491 ea
766 3445 837 3492 esse
855 3423 1051 3509 existimem,
1073 3425 1138 3494 uisi

89 3563 103 3598 a
119 3560 190 3631 quae
206 3551 300 3634 gesta
312 3551 392 3606 suut
404 3561 467 3607 uos
478 3523 748 3609 eonturbassent.
763 3538 983 3635 emouerent,
993 3563 1025 3632 p.
1041 3537 1140 3636 387.)
1177 3561 1180 3569 ·

6 3659 8 3742 i
130 3637 302 3723 Eeoutons
320 3653 410 3722 saint·
426 3650 585 3722 semme:

6 3745 8 3832 [
130 3795 146 3831 e
164 3772 254 3840 Cum
277 3769 312 3840 in
324 3767 451 3838 chartis
465 3767 696 3840 ecciesiasticis
709 3769 863 3864 juvarem
879 3769 1064 3838 Damasum
1084 3791 1139 3839 re-

119 3972 158 4040 (1)
168 3973 266 4030 C'e'tait
276 3973 378 4048 i'usafle
391 3973 426 4030 de
440 3992 485 4030 cae
497 3975 628 4047 premiere
642 3983 739 4046 tempe,
752 3992 807 4046 que
819 3973 858 4028 lea
871 3973 979 4030 decreta
991 3975 1094 4032 ariete·
1106 3994 1147 4036 eu.

91 4063 188 4118 concile
212 4064 374 4138 particulier
395 4075 424 4118 et
444 4066 571 4117 transmis
591 4082 626 4118 au
650 4081 719 4136 pape
739 4063 844 4118 fussent
860 4051 1070 4138 communiques
1089 4084 1140 4138 par

92 4149 205 4218 celui-ci,
220 4141 314 4225 quaud
336 4153 355 4206 il
377 4151 415 4206 les
434 4154 611 4226 approuvait‚
625 4151 640 4207 ia
655 4165 744 4208 toutes
760 4154 797 4208 les
819 4151 925 4226 egiises,
945 4165 972 4207 et
984 4153 1139 4211 devinsseut

93 4237 154 4295 ainsi
164 4257 220 4296 une
229 4240 303 4314 regie
315 4247 389 4316 'riom
400 4251 472 4299 tuus.
484 4243 555 4299 C’est
567 4241 591 4298 ie
600 4256 662 4299 aeas
671 4243 706 4300 de
718 4258 762 4300 ces
771 4248 842 4302 mois
854 4261 862 4298 ε
874 4253 1003 4299 aremare
1014 4247 1138 4303 reione...
