2910 5038
317 453 389 546 546
648 456 862 538 QUATttldttF.
887 476 1029 526 runem.

362 606 638 704 Designnhuntur
659 606 694 676 in
713 603 843 701 synodo
862 603 992 700 judices
1020 603 1146 701 quibus
1172 599 1285 696 alioqui
1301 596 1336 670 ed

315 723 348 794 id
376 724 461 818 aptis
481 746 589 792 cnusae
615 719 844 792 ecclesiasticae
862 745 901 792 ac
920 719 1109 818 spirituales
1132 735 1167 794 et
1185 718 1226 796 ad
1244 716 1336 787 iorum

316 836 574 936 ecclesiasticum
603 838 811 932 pertinentes
829 839 864 907 in
883 837 1035 933 pertibus
1050 835 1238 935 delegandae
1254 855 1337 914 eom-

316 957 406 1028 mitti
429 956 568 1051 possint.
588 954 691 1050 (Sess.
712 951 771 1044 25,
788 979 817 1024 e.
838 957 910 1050 ιο.)

363 1077 475 1170 Atque
487 1071 561 1142 haec
574 1070 644 1144 fere
658 1086 737 1142 sunt
751 1095 827 1166 quse
844 1069 992 1166 synodus
1007 1067 1222 1166 provincialis
1234 1091 1271 1143 ex
1283 1087 1341 1137 con·

316 1188 397 1262 cilio
416 1187 619 1260 Tridentino
643 1202 800 1285 prestare
815 1186 935 1278 doben
960 1211 1061 1282 super
1076 1186 1199 1284 quibus
1221 1177 1341 1276 amplior

316 1323 367 1379 est
391 1305 479 1377 illius
502 1319 648 1401 potestas
671 1329 774 1400 quem
799 1304 875 1399 jure
895 1304 1069 1376 communi
1098 1302 1207 1376 eidem
1225 1319 1344 1391 compe-

317 1437 382 1514 tat;
402 1447 480 1494 cum
501 1399 535 1492 in
557 1421 737 1517 praemissis
751 1445 819 1491 non
836 1419 995 1516 proprio,
1012 1418 1069 1490 sed
1084 1415 1219 1493 concilii
1233 1415 1344 1486 unirer·

317 1537 394 1611 selis
415 1539 615 1609 anctoritate
632 1538 771 1608 nitatur.
789 1540 829 1606 In
850 1537 978 1608 caeteris
1004 1538 1094 1608 enim
1122 1535 1231 1609 causis
1251 1545 1282 1604 et
1301 1551 1345 1602 ne·

317 1656 417 1758 gotiis
443 1653 636 1730 meminisse
664 1653 837 1750 oportebit
868 1653 1104 1748 episcoporum
1130 1648 1270 1724 concilio
1291 1670 1345 1718 non

316 1773 442 1849 habere
458 1772 526 1842 vim
541 1769 781 1862 constituendi,
796 1769 853 1842 sed
871 1770 1108 1843 auctoritatem
1126 1763 1310 1865 imponendi
1321 1776 1346 1832 et

318 1887 501 1960 inducendi
529 1886 625 1986 qnod
646 1885 728 1958 alins
750 1901 916 1964 statutum
934 1901 1003 1976 est,
1031 1902 1064 1968 et
1083 1883 1283 1984 generaliter
1301 1902 1346 1960 tet

320 2003 510 2102 specialiter¹
526 2002 697 2074 obseruari
719 2018 939 2100 praeceptum.

369 2119 549 2216 Multoque
563 2120 677 2193 minus
692 2121 726 2196 in
742 2120 936 2216 hujusmodi
954 2119 1106 2194 conciliis
1123 2120 1167 2196 de
1181 2119 1277 2201 rebus
1288 2108 1347 2194 lidei

319 2253 353 2308 et
375 2237 562 2332 majoribus
583 2238 692 2307 causis
716 2238 853 2308 tractari
876 2252 936 2308 ont
955 2236 1143 2335 quidquam
1162 2235 1290 2311 definiri
1306 2256 1349 2327 po

321 2369 387 2431 test
403 2353 450 2450 (c.
474 2352 645 2451 Mas'ores,
662 2352 705 2427 de
725 2353 929 2452 baptismo.)

371 2475 451 2553 Non
474 2486 587 2544 temen
612 2471 736 2549 horum
759 2485 908 2567 potestas
933 2470 1017 2544 adeo
1034 2471 1261 2568 restringitur,
1286 2463 1349 2561 quin

320 2588 428 2662 multa
447 2604 596 2662 statuere
614 2587 744 2684 possint
764 2588 853 2658 circa
872 2612 910 2658 ea
933 2610 1008 2684 quae
1030 2603 1139 2674 totam
1166 2585 1350 2686 provinciam

323 2718 532 2778 concernunt
558 2719 679 2800 praeter
695 2705 752 2800 jus
774 2729 973 2793 commune,
996 2720 1030 2776 et
1049 2706 1253 2802 quandoque
1270 2704 1350 2776 etism

323 2839 442 2894 contra
457 2820 541 2894 illud
559 2845 599 2890 ex
614 2845 715 2898 consa
734 2821 868 2917 urgenti
884 2821 1109 2892 uerisimiliter
1126 2849 1148 2894 a
1164 2845 1287 2897 canone
1299 2840 1351 2888 non

221 2995 224 3000 .
323 2939 541 3034 pr·aevisa.....;
576 2938 713 3033 suisque
736 2936 880 3010 decretis
902 2938 960 3032 jus
1003 2963 1187 3016 commune
1218 2939 1351 3035 adjuvare

324 3052 483 3133 addendo
503 3077 606 3126 novas
630 3078 746 3148 poenas
766 3051 820 3126 vel
842 3054 998 3148 orniquas
1014 3055 1186 3149 eugendo.
1280 3119 1286 3131 ,

325 3261 327 3267 ,
374 3171 540 3240 Caeternm
568 3167 611 3238 ad
634 3168 826 3244 evitandum
851 3193 987 3244 omnem
1013 3170 1209 3248 ambitionis
1234 3186 1265 3250 et
1289 3189 1354 3263 pru

326 3286 528 3380 sumptionis
545 3285 770 3380 suspicionem
786 3285 1027 3362 abstinendum
1044 3287 1144 3367 erita
1162 3284 1353 3385 promulges·

325 3399 377 3489 dis
393 3400 488 3470 novis
507 3400 651 3481 decretis
674 3425 749 3499 quae
769 3400 839 3496 juri
857 3403 1030 3477 communi
1051 3417 1085 3472 et
1107 3402 1275 3498 pontilicis
1290 3421 1354 3474 out·

247 3538 252 3548 ·
327 3516 559 3586 stitutionibus
584 3517 697 3587 minus
721 3531 933 3604 consonent,
952 3519 1053 3588 etiarn
1083 3520 1119 3588 in
1141 3519 1271 3601 casibus
1293 3512 1355 3594 olias

328 3632 533 3732 permissis...
1165 3649 1168 3653 ·

377 3753 417 3818 In
442 3750 542 3820 rebus
567 3750 679 3821 dubiis
704 3751 801 3821 etde
825 3751 902 3846 jure
926 3754 1165 3824 controversiis
1193 3777 1257 3827 nou
1279 3739 1357 3824 nette

328 3865 541 3936 definitiones
561 3866 663 3956 fiunt,
686 3869 871 3962 praesertim
894 3868 953 3938 ubi
974 3893 1075 3964 grove
1095 3867 1232 3962 aliquod
1257 3860 1354 3960 ptujtt·

329 3983 454 4052 dicium
475 3983 582 4076 parari
606 3997 735 4078 potest,
754 3981 857 4076 ueluti
883 3985 917 4064 in
935 3985 1072 4054 materia
1095 3995 1353 4056 sacramentotusss
1419 4009 1420 4030 ¹

327 4097 504 4168 enodanda
522 4113 582 4168 eut
600 4097 806 4192 explicandis
825 4099 956 4178 casibus
975 4123 1171 4184 usurarum,
1185 4113 1218 4168 et
1235 4094 1354 4165 oliorutn

330 4214 500 4298 vitiorum,
516 4214 639 4306 quibus
653 4214 819 4288 timoratos
829 4214 1046 4292 conscientiae
1059 4214 1183 4288 irretiri
1199 4219 1353 4308 possunt-⁴·
