2804 5022
204 519 355 566 concita
374 519 477 566 PROV.
496 519 563 567 Phil
583 519 743 568 terrear
767 521 811 568 stt
832 521 859 566 S.
875 503 986 569 stica.
1045 497 1133 600 293
1184 557 1187 564 ·

96 671 212 716 versmn
242 647 360 716 orbem
381 662 495 718 tencre
518 648 724 743 primatum,
743 665 775 718 et
804 649 912 746 ipsum
943 653 1132 722 Romanum

97 762 276 856 pontificem
294 787 365 834 esse
380 785 606 834 successorem
620 763 710 832 beati
725 765 815 836 Petri
826 765 989 861 principis
1002 780 1137 860 aposto·

12 855 13 870 ἵ
96 877 211 966 lorum,
224 894 258 950 et
272 881 434 954 vicarium
449 879 577 952 Christi
605 880 776 976 totiusque
796 880 954 954 Ecclesiae
971 897 1089 978 caput,
1104 899 1138 954 et

90 1001 234 1068 ornanum
249 999 514 1070 christianorum
530 1012 660 1093 patrem
679 1023 718 1068 ac
741 999 913 1070 doctorem
930 1003 1087 1091 existere3
1104 1017 1138 1073 et

95 1116 146 1209 ipsi
175 1119 208 1185 in
234 1116 333 1186 heato
362 1119 461 1186 Petro
488 1115 663 1210 pascendi,
688 1115 828 1210 regendi
855 1131 889 1186 et
911 1115 1138 1216 gubernanti

94 1230 316 1302 arairersaiem
325 1229 524 1302 Ecclesiam
542 1254 561 1299 a
579 1229 731 1300 Domino
750 1233 876 1306 Nostro
895 1237 971 1304 lesu
1002 1234 1139 1306 Christo

12 1333 13 1358 ¹
89 1348 227 1444 prienam
244 1363 463 1443 potestatem
482 1346 639 1417 traditam
656 1371 769 1418 esse.»

137 1463 272 1534 Concile
291 1463 525 1557 oecumenique
544 1462 586 1532 de
598 1466 736 1550 Trente,
751 1488 829 1536 sess.
852 1467 911 1554 td,
926 1465 1080 1562 chapitre
1096 1490 1140 1563 7:

95 1583 238 1650 «Merito
257 1579 433 1674 pontifices
447 1577 597 1663 maximi,
604 1604 676 1675 pro
694 1605 863 1677 suprema
876 1596 1054 1678 potestate
1071 1580 1143 1652 sibi

13 1765 14 1774 ,
95 1697 126 1764 in
143 1693 303 1766 Ecclesia
329 1695 492 1766 universa
516 1691 668 1784 tradita,
685 1720 801 1766 causas
817 1695 947 1792 aliquas
961 1698 1140 1768 criminum

97 1813 253 1902 graviores
268 1837 330 1882 sno
347 1825 531 1907 potuerunt
547 1809 706 1905 peculiari
724 1811 854 1906 judicio
874 1839 1085 1886 reservare.»

139 1929 219 1998 Bref
236 1910 455 2024 dogmatiq'ue
471 1927 512 1996 de
530 1927 589 1998 Pie
603 1931 652 1997 vl
666 1931 780 2023 Super
790 1926 991 2000 soliditate:
1009 1932 1144 2026 «Super

98 2040 254 2113 soliditate
270 2045 375 2112 Petrae
388 2042 563 2114 fundatam
579 2067 598 2112 a
614 2042 751 2112 Christo
765 2041 967 2131 Ecclesiam,
985 2047 1144 2114 Petrum·

97 2183 154 2253 qne
166 2157 328 2254 singulari
343 2159 471 2228 Christi
493 2181 637 2228 munere
661 2184 728 2252 prae
752 2161 879 2229 caeteris
903 2159 1061 2250 electum,
1083 2160 1142 2255 qui

97 2274 209 2343 vicaria
242 2286 409 2367 potestate
444 2269 621 2365 apostolici
652 2271 746 2342 chori
776 2273 934 2367 princeps
965 2272 1144 2363 existeret,

98 2392 257 2484 totiusque
284 2387 368 2458 adeo
397 2388 507 2483 gregis
533 2387 710 2480 pascendi,
741 2387 861 2458 fratres
892 2387 1140 2479 confirmandi,

97 2520 225 2602 totoque
249 2507 330 2575 orbe
351 2502 477 2600 ligandi
505 2527 544 2574 ac
576 2502 725 2573 solvendi
739 2528 919 2574 saramam
940 2528 1063 2574 curam
1079 2529 1145 2576 au-

97 2629 358 2720 ctoritatemque
381 2623 418 2690 in
435 2644 655 2690 successores
677 2621 778 2689 orarii
793 2643 867 2690 aevo
880 2619 1144 2719 prorogandam

97 2740 290 2834 susciperet,
304 2737 425 2834 dogma
444 2735 647 2807 catholicum
664 2750 724 2806 est.
738 2769 755 2802 a

88 2835 93 2844 ’
139 2859 185 2924 Le
202 2856 313 2926 meme
331 2854 423 2943 href,
441 2868 641 2948 rapportant
656 2877 694 2922 ce
707 2853 764 2948 qui
785 2865 841 2924 eut
859 2852 924 2923 lieu
944 2851 1028 2924 dans
1048 2854 1078 2924 le
1092 2881 1144 2926 se·

98 2971 177 3039 cond
191 2969 319 3042 concile
336 2970 376 3039 de
390 2973 501 3066 Lyon,
522 2967 697 3064 s’expritne
715 2971 799 3038 ainsi
817 2996 825 3039 ε
843 2969 973 3042 «Edita
987 2987 1036 3040 est
1053 2975 1146 3044 Grac·

15 3085 16 3090 ’
99 3111 206 3158 corum
236 3086 315 3156 fidei
346 3086 530 3181 professio,
550 3109 616 3180 qua
646 3109 681 3154 se
710 3111 952 3182 recognoscere
979 3100 1146 3158 testentur

99 3208 276 3276 Romanam
296 3202 482 3274 Ecclesiam
503 3227 674 3272 summum
693 3217 726 3271 et
746 3202 883 3297 plenum
905 3205 1089 3302 primatum
1112 3221 1146 3276 et

99 3325 318 3418 principatum
338 3345 439 3415 super
457 3320 646 3388 universam
661 3319 841 3390 Ecclesiam
858 3321 1059 3392 catholicam
1083 3324 1145 3392 oh·

101 3439 214 3528 tinere,
232 3461 377 3532 eumque
397 3436 439 3506 ah
460 3437 534 3530 ipso
550 3435 699 3506 Domino
721 3437 752 3504 in
775 3437 873 3506 beato
893 3439 996 3508 Petro
1016 3455 1149 3534 aposto-

100 3550 200 3624 lorum
223 3555 378 3650 principe
407 3553 477 3622 sive
500 3553 646 3636 vertice,
671 3552 767 3646 cujus
792 3557 968 3622 Romanus
996 3556 1148 3648 pontifex

100 3686 144 3740 est
167 3695 360 3760 successor,
385 3695 461 3738 cuin
478 3670 672 3764 potestatis
693 3667 917 3765 plenitudine
939 3671 1146 3764 recepisse.»

145 3790 191 3856 Le
213 3789 321 3856 meme
339 3784 426 3871 bref,
446 3781 621 3878 rappelant
636 3781 664 3852 la
680 3784 903 3878 prescription
917 3783 958 3852 de
973 3785 1101 3854 Martio
1115 3785 1146 3852 V

104 3899 177 3972 dans
200 3902 231 3972 le
255 3899 385 3972 concile
411 3899 453 3970 de
477 3903 686 3985 Constance,
713 3897 1148 3995 s’exp1·imeainsi:t‹Prae·

107 4019 227 4112 scripsit
239 4015 504 4112 interrogandos
514 4017 571 4111 qui
583 4016 730 4111 suspecti
745 4031 865 4102 essent,
882 4030 996 4086 utrum
1011 4015 1150 4088 credant

109 4129 231 4204 beatum
262 4140 402 4206 Petrum
427 4132 529 4210 fuisse
555 4133 714 4202 vicarium
735 4131 862 4204 Christi
879 4133 1059 4204 habentem
1087 4157 1149 4228 pn·

110 4262 248 4322 testatem
267 4249 394 4346 ligandi
413 4266 456 4318 'ac
475 4246 625 4318 solvendi
647 4272 748 4342 super
766 4263 912 4318 terram:
930 4250 1009 4319 item
1025 4272 1146 4344 papam
