<?xml version="1.0" encoding="UTF-8"?>
<!DOCTYPE html PUBLIC "-//W3C//DTD XHTML 1.0 Transitional//EN"
    "http://www.w3.org/TR/xhtml1/DTD/xhtml1-transitional.dtd">
<html xmlns="http://www.w3.org/1999/xhtml" xml:lang="en" lang="en">
 <head>
  <title>
</title>
<meta http-equiv="Content-Type" content="text/html;charset=utf-8" />
  <meta name='ocr-system' content='tesseract 3.04.00' />
  <meta name='ocr-capabilities' content='ocr_page ocr_carea ocr_par ocr_line ocrx_word'/>
</head>
<body>
  <div class='ocr_page' id='page_1' title='image "./duconcileprovin00bouigoog/duconcileprovin00bouigoog_0263.png"; bbox 0 0 2804 5022; ppageno 0'>
   <div class='ocr_carea' id='block_1_1' title="bbox 218 443 1147 533">
    <p class='ocr_par' dir='ltr' id='par_1_1' title="bbox 218 443 1147 533">
     <span class='ocr_line' id='line_1_1' title="bbox 218 443 1147 533; baseline 0.006 -21"><span class='ocrx_word' id='word_1_1' title='bbox 218 461 369 512; x_wconf 77' lang='lat' dir='ltr'>conetur</span> <span class='ocrx_word' id='word_1_2' title='bbox 388 463 491 510; x_wconf 86' lang='lat' dir='ltr'>rnov.</span> <span class='ocrx_word' id='word_1_3' title='bbox 511 463 581 510; x_wconf 74' lang='lat' dir='ltr'>run</span> <span class='ocrx_word' id='word_1_4' title='bbox 600 461 764 510; x_wconf 75' lang='lat' dir='ltr'>nnrronr</span> <span class='ocrx_word' id='word_1_5' title='bbox 783 462 829 510; x_wconf 80' lang='lat' dir='ltr'>nu</span> <span class='ocrx_word' id='word_1_6' title='bbox 845 465 873 512; x_wconf 88' lang='lat' dir='ltr'>s.</span> <span class='ocrx_word' id='word_1_7' title='bbox 887 445 1000 514; x_wconf 74' lang='lat' dir='ltr'>sideri.</span> <span class='ocrx_word' id='word_1_8' title='bbox 1076 443 1147 533; x_wconf 64' lang='lat'>245</span> 
     </span>
    </p>
   </div>
   <div class='ocr_carea' id='block_1_2' title="bbox 96 590 1148 924">
    <p class='ocr_par' dir='ltr' id='par_1_2' title="bbox 96 590 1148 924">
     <span class='ocr_line' id='line_1_2' title="bbox 98 590 1148 690; baseline 0.004 -28"><span class='ocrx_word' id='word_1_9' title='bbox 98 617 214 662; x_wconf 86' lang='lat' dir='ltr'>ornnes</span> <span class='ocrx_word' id='word_1_10' title='bbox 243 593 436 690; x_wconf 81' lang='lat' dir='ltr'>provincias</span> <span class='ocrx_word' id='word_1_11' title='bbox 457 590 584 662; x_wconf 82' lang='lat' dir='ltr'><strong>litteras</strong></span> <span class='ocrx_word' id='word_1_12' title='bbox 606 591 799 688; x_wconf 76' lang='lat' dir='ltr'><strong>dirigemus,</strong></span> <span class='ocrx_word' id='word_1_13' title='bbox 830 617 872 664; x_wconf 88' lang='lat' dir='ltr'>ne</span> <span class='ocrx_word' id='word_1_14' title='bbox 899 597 1148 666; x_wconf 84' lang='lat' dir='ltr'>excusationem</span> 
     </span>
     <span class='ocr_line' id='line_1_3' title="bbox 98 707 1147 803; baseline 0.002 -22"><span class='ocrx_word' id='word_1_15' title='bbox 98 709 155 783; x_wconf 88' lang='lat' dir='ltr'>sibi</span> <span class='ocrx_word' id='word_1_16' title='bbox 174 708 398 803; x_wconf 78' lang='lat' dir='ltr'>ignorationis</span> <span class='ocrx_word' id='word_1_17' title='bbox 413 707 587 797; x_wconf 83' lang='lat' dir='ltr'>obtendat,</span> <span class='ocrx_word' id='word_1_18' title='bbox 604 721 644 777; x_wconf 89' lang='lat' dir='ltr'>ut</span> <span class='ocrx_word' id='word_1_19' title='bbox 664 707 707 775; x_wconf 87' lang='lat' dir='ltr'>ad</span> <span class='ocrx_word' id='word_1_20' title='bbox 726 709 932 803; x_wconf 88' lang='lat' dir='ltr'>provinciam</span> <span class='ocrx_word' id='word_1_21' title='bbox 955 714 1071 782; x_wconf 87' lang='lat' dir='ltr'>venire</span> <span class='ocrx_word' id='word_1_22' title='bbox 1089 739 1147 782; x_wconf 86' lang='lat' dir='ltr'>ro·</span> 
     </span>
     <span class='ocr_line' id='line_1_4' title="bbox 96 821 1148 924; baseline 0.006 -32"><span class='ocrx_word' id='word_1_23' title='bbox 96 837 206 919; x_wconf 79' lang='lat' dir='ltr'>gutur,</span> <span class='ocrx_word' id='word_1_24' title='bbox 219 838 254 892; x_wconf 89' lang='lat' dir='ltr'>et</span> <span class='ocrx_word' id='word_1_25' title='bbox 270 821 338 892; x_wconf 82' lang='lat' dir='ltr'>iltic</span> <span class='ocrx_word' id='word_1_26' title='bbox 353 849 387 891; x_wconf 85' lang='lat' dir='ltr'>se</span> <span class='ocrx_word' id='word_1_27' title='bbox 401 825 588 894; x_wconf 86' lang='lat' dir='ltr'>constituto</span> <span class='ocrx_word' id='word_1_28' title='bbox 600 838 802 918; x_wconf 74' lang='lat' dir='ltr'>presentare</span> <span class='ocrx_word' id='word_1_29' title='bbox 815 825 956 918; x_wconf 89' lang='lat' dir='ltr'>judicio.</span> <span class='ocrx_word' id='word_1_30' title='bbox 972 827 1148 924; x_wconf 85' lang='lat' dir='ltr'>Quidquid</span> 
     </span>
    </p>
   </div>
   <div class='ocr_carea' id='block_1_3' title="bbox 1 938 1236 4284">
    <p class='ocr_par' dir='ltr' id='par_1_3' title="bbox 1 938 1147 1849">
     <span class='ocr_line' id='line_1_5' title="bbox 96 938 1146 1032; baseline 0.004 -23"><span class='ocrx_word' id='word_1_31' title='bbox 96 955 206 1012; x_wconf 86' lang='lat' dir='ltr'>autem</span> <span class='ocrx_word' id='word_1_32' title='bbox 221 954 333 1010; x_wconf 83' lang='lat' dir='ltr'>vestra</span> <span class='ocrx_word' id='word_1_33' title='bbox 348 939 469 1010; x_wconf 86' lang='lat' dir='ltr'>caritas</span> <span class='ocrx_word' id='word_1_34' title='bbox 482 938 524 1008; x_wconf 90' lang='lat' dir='ltr'>de</span> <span class='ocrx_word' id='word_1_35' title='bbox 538 939 602 1010; x_wconf 84' lang='lat' dir='ltr'>hae</span> <span class='ocrx_word' id='word_1_36' title='bbox 614 963 714 1008; x_wconf 87' lang='lat' dir='ltr'>causa</span> <span class='ocrx_word' id='word_1_37' title='bbox 730 939 865 1009; x_wconf 85' lang='lat' dir='ltr'>duxerit</span> <span class='ocrx_word' id='word_1_38' title='bbox 884 941 1146 1032; x_wconf 84' lang='lat' dir='ltr'>decernendum,</span> 
     </span>
     <span class='ocr_line' id='line_1_6' title="bbox 95 1052 1147 1148; baseline 0.004 -21"><span class='ocrx_word' id='word_1_39' title='bbox 95 1081 170 1127; x_wconf 82' lang='lat' dir='ltr'>cum</span> <span class='ocrx_word' id='word_1_40' title='bbox 185 1053 239 1124; x_wconf 86' lang='lat' dir='ltr'>ad</span> <span class='ocrx_word' id='word_1_41' title='bbox 252 1079 319 1124; x_wconf 83' lang='lat' dir='ltr'>nos</span> <span class='ocrx_word' id='word_1_42' title='bbox 336 1052 488 1125; x_wconf 77' lang='lat' dir='ltr'>relatum</span> <span class='ocrx_word' id='word_1_43' title='bbox 493 1052 622 1148; x_wconf 81' lang='lat' dir='ltr'>suerit,</span> <span class='ocrx_word' id='word_1_44' title='bbox 632 1067 748 1124; x_wconf 84' lang='lat' dir='ltr'>nostra</span> <span class='ocrx_word' id='word_1_45' title='bbox 759 1069 798 1124; x_wconf 91' lang='lat' dir='ltr'>nt</span> <span class='ocrx_word' id='word_1_46' title='bbox 811 1055 989 1138; x_wconf 85' lang='lat' dir='ltr'>condecet,</span> <span class='ocrx_word' id='word_1_47' title='bbox 1003 1083 1147 1132; x_wconf 83' lang='lat' dir='ltr'>necesse</span> 
     </span>
     <span class='ocr_line' id='line_1_7' title="bbox 94 1167 1145 1269; baseline 0.006 -29"><span class='ocrx_word' id='word_1_48' title='bbox 94 1187 146 1242; x_wconf 82' lang='lat' dir='ltr'>ert</span> <span class='ocrx_word' id='word_1_49' title='bbox 161 1171 378 1242; x_wconf 71' lang='lat' dir='ltr'>auctoritate</span> <span class='ocrx_word' id='word_1_50' title='bbox 380 1171 559 1262; x_wconf 84' lang='lat' dir='ltr'>firmetur.</span> <span class='ocrx_word' id='word_1_51' title='bbox 574 1197 591 1236; x_wconf 79' lang='lat' dir='ltr'>a</span> <span class='ocrx_word' id='word_1_52' title='bbox 609 1167 796 1263; x_wconf 85' lang='lat' dir='ltr'>(Sirtnoud,</span> <span class='ocrx_word' id='word_1_53' title='bbox 817 1175 922 1242; x_wconf 87' lang='lat' dir='ltr'>Cone.</span> <span class='ocrx_word' id='word_1_54' title='bbox 947 1172 1043 1269; x_wconf 64' lang='lat' dir='ltr'>gall„</span> <span class='ocrx_word' id='word_1_55' title='bbox 1066 1192 1091 1248; x_wconf 88' lang='lat' dir='ltr'>t.</span> <span class='ocrx_word' id='word_1_56' title='bbox 1111 1179 1145 1268; x_wconf 86' lang='grc' dir='ltr'>Ι,</span> 
     </span>
     <span class='ocr_line' id='line_1_8' title="bbox 1 1287 214 1384; baseline 0 -2"><span class='ocrx_word' id='word_1_57' title='bbox 1 1331 2 1336; x_wconf 34' lang='lat'>¹</span> <span class='ocrx_word' id='word_1_58' title='bbox 95 1287 214 1384; x_wconf 68' lang='lat' dir='ltr'>nte)</span> 
     </span>
     <span class='ocr_line' id='line_1_9' title="bbox 139 1398 1144 1500; baseline 0.004 -26"><span class='ocrx_word' id='word_1_59' title='bbox 139 1401 227 1474; x_wconf 89' lang='lat' dir='ltr'>L&#39;an</span> <span class='ocrx_word' id='word_1_60' title='bbox 243 1405 330 1490; x_wconf 70' lang='lat' dir='ltr'>dnn,</span> <span class='ocrx_word' id='word_1_61' title='bbox 344 1398 374 1471; x_wconf 85' lang='lat' dir='ltr'>le</span> <span class='ocrx_word' id='word_1_62' title='bbox 388 1401 496 1472; x_wconf 71' lang='lat' dir='ltr'>meme</span> <span class='ocrx_word' id='word_1_63' title='bbox 515 1425 601 1497; x_wconf 87' lang='lat' dir='ltr'>pape</span> <span class='ocrx_word' id='word_1_64' title='bbox 615 1398 755 1472; x_wconf 69' lang='lat' dir='ltr'>icrirait</span> <span class='ocrx_word' id='word_1_65' title='bbox 772 1401 791 1472; x_wconf 75' lang='lat' dir='ltr'>t</span> <span class='ocrx_word' id='word_1_66' title='bbox 808 1400 947 1495; x_wconf 84' lang='lat' dir='ltr'>Hilaire,</span> <span class='ocrx_word' id='word_1_67' title='bbox 962 1405 1090 1500; x_wconf 68' lang='grc' dir='ltr'>ένὸῳιθ</span> <span class='ocrx_word' id='word_1_68' title='bbox 1103 1408 1144 1478; x_wconf 91' lang='lat' dir='ltr'>de</span> 
     </span>
     <span class='ocr_line' id='line_1_10' title="bbox 1 1517 303 1608; baseline 0 -21"><span class='ocrx_word' id='word_1_69' title='bbox 1 1597 2 1608; x_wconf 19' lang='lat' dir='ltr'>p</span> <span class='ocrx_word' id='word_1_70' title='bbox 94 1517 303 1588; x_wconf 79' lang='lat' dir='ltr'><strong>Narbonae:</strong></span> 
     </span>
     <span class='ocr_line' id='line_1_11' title="bbox 1 1615 1145 1730; baseline 0.008 -30"><span class='ocrx_word' id='word_1_71' title='bbox 1 1615 2 1618; x_wconf 8' lang='grc' dir='ltr'><strong>Ἴ</strong></span> <span class='ocrx_word' id='word_1_72' title='bbox 144 1661 163 1700; x_wconf 76' lang='grc' dir='ltr'><strong>α</strong></span> <span class='ocrx_word' id='word_1_73' title='bbox 176 1633 330 1706; x_wconf 80' lang='lat' dir='ltr'>Peractis</span> <span class='ocrx_word' id='word_1_74' title='bbox 342 1634 513 1722; x_wconf 87' lang='lat' dir='ltr'>omnibus,</span> <span class='ocrx_word' id='word_1_75' title='bbox 524 1631 716 1728; x_wconf 73' lang='lat' dir='ltr'>apostolice</span> <span class='ocrx_word' id='word_1_76' title='bbox 729 1633 799 1703; x_wconf 89' lang='lat' dir='ltr'>sedi</span> <span class='ocrx_word' id='word_1_77' title='bbox 810 1633 979 1730; x_wconf 91' lang='lat' dir='ltr'>quidquid</span> <span class='ocrx_word' id='word_1_78' title='bbox 990 1639 1145 1710; x_wconf 89' lang='lat' dir='ltr'>statueris</span> 
     </span>
     <span class='ocr_line' id='line_1_12' title="bbox 96 1747 985 1849; baseline 0.009 -35"><span class='ocrx_word' id='word_1_79' title='bbox 96 1777 113 1814; x_wconf 75' lang='lat' dir='ltr'>a</span> <span class='ocrx_word' id='word_1_80' title='bbox 130 1764 165 1820; x_wconf 93' lang='lat' dir='ltr'>te</span> <span class='ocrx_word' id='word_1_81' title='bbox 180 1750 349 1822; x_wconf 81' lang='lat' dir='ltr'><strong>referente</strong></span> <span class='ocrx_word' id='word_1_82' title='bbox 364 1747 537 1820; x_wconf 83' lang='lat' dir='ltr'>clarescat.</span> <span class='ocrx_word' id='word_1_83' title='bbox 555 1779 573 1816; x_wconf 79' lang='lat' dir='ltr'>n</span> <span class='ocrx_word' id='word_1_84' title='bbox 594 1749 835 1844; x_wconf 73' lang='lat' dir='ltr'>(tenacitate,</span> <span class='ocrx_word' id='word_1_85' title='bbox 854 1777 887 1847; x_wconf 90' lang='lat' dir='ltr'>p.</span> <span class='ocrx_word' id='word_1_86' title='bbox 907 1749 985 1849; x_wconf 82' lang='lat'><strong>50.)</strong></span> 
     </span>
    </p>

    <p class='ocr_par' dir='ltr' id='par_1_4' title="bbox 93 1864 1144 2050">
     <span class='ocr_line' id='line_1_13' title="bbox 139 1864 1144 1964; baseline 0.005 -28"><span class='ocrx_word' id='word_1_87' title='bbox 139 1868 191 1938; x_wconf 88' lang='lat' dir='ltr'>En</span> <span class='ocrx_word' id='word_1_88' title='bbox 219 1869 310 1963; x_wconf 72' lang='lat'>417,</span> <span class='ocrx_word' id='word_1_89' title='bbox 337 1865 367 1936; x_wconf 91' lang='lat' dir='ltr'>le</span> <span class='ocrx_word' id='word_1_90' title='bbox 393 1889 481 1961; x_wconf 85' lang='lat' dir='ltr'>pape</span> <span class='ocrx_word' id='word_1_91' title='bbox 508 1866 640 1936; x_wconf 87' lang='lat' dir='ltr'>Zosime</span> <span class='ocrx_word' id='word_1_92' title='bbox 668 1864 806 1936; x_wconf 74' lang='lat' dir='ltr'>derivait</span> <span class='ocrx_word' id='word_1_93' title='bbox 833 1891 899 1936; x_wconf 84' lang='lat' dir='ltr'>anx</span> <span class='ocrx_word' id='word_1_94' title='bbox 929 1868 1072 1964; x_wconf 63' lang='lat' dir='ltr'>deeques</span> <span class='ocrx_word' id='word_1_95' title='bbox 1102 1870 1144 1941; x_wconf 85' lang='lat' dir='ltr'>de</span> 
     </span>
     <span class='ocr_line' id='line_1_14' title="bbox 93 1983 246 2050; baseline 0.013 -2"><span class='ocrx_word' id='word_1_96' title='bbox 93 1983 246 2050; x_wconf 84' lang='lat' dir='ltr'>Franco:</span> 
     </span>
    </p>

    <p class='ocr_par' dir='ltr' id='par_1_5' title="bbox 96 2097 1213 2430">
     <span class='ocr_line' id='line_1_15' title="bbox 145 2097 1213 2196; baseline 0.011 -32"><span class='ocrx_word' id='word_1_97' title='bbox 145 2127 162 2164; x_wconf 76' lang='lat' dir='ltr'>r</span> <span class='ocrx_word' id='word_1_98' title='bbox 176 2097 230 2168; x_wconf 84' lang='lat' dir='ltr'>Ad</span> <span class='ocrx_word' id='word_1_99' title='bbox 246 2097 344 2192; x_wconf 88' lang='lat' dir='ltr'>cujus</span> <span class='ocrx_word' id='word_1_100' title='bbox 359 2099 526 2187; x_wconf 81' lang='lat' dir='ltr'>notitiam,</span> <span class='ocrx_word' id='word_1_101' title='bbox 541 2098 665 2193; x_wconf 87' lang='lat' dir='ltr'>siquid</span> <span class='ocrx_word' id='word_1_102' title='bbox 683 2097 753 2169; x_wconf 90' lang='lat' dir='ltr'>illic</span> <span class='ocrx_word' id='word_1_103' title='bbox 772 2102 984 2196; x_wconf 83' lang='lat' dir='ltr'>negotiorum</span> <span class='ocrx_word' id='word_1_104' title='bbox 1000 2128 1144 2176; x_wconf 80' lang='lat' dir='ltr'>emerse-</span> <span class='ocrx_word' id='word_1_105' title='bbox 1208 2130 1213 2134; x_wconf 88' lang='lat'>·</span> 
     </span>
     <span class='ocr_line' id='line_1_16' title="bbox 96 2213 1144 2310; baseline 0.01 -26"><span class='ocrx_word' id='word_1_106' title='bbox 96 2245 115 2284; x_wconf 79' lang='lat' dir='ltr'>a</span> <span class='ocrx_word' id='word_1_107' title='bbox 130 2217 172 2284; x_wconf 90' lang='lat' dir='ltr'>rit</span> <span class='ocrx_word' id='word_1_108' title='bbox 186 2213 306 2286; x_wconf 78' lang='lat' dir='ltr'>referri</span> <span class='ocrx_word' id='word_1_109' title='bbox 321 2237 509 2302; x_wconf 81' lang='lat' dir='ltr'><strong>censemus,</strong></span> <span class='ocrx_word' id='word_1_110' title='bbox 521 2215 587 2286; x_wconf 90' lang='lat' dir='ltr'>nisi</span> <span class='ocrx_word' id='word_1_111' title='bbox 603 2216 803 2310; x_wconf 84' lang='lat' dir='ltr'>magnitudo</span> <span class='ocrx_word' id='word_1_112' title='bbox 817 2231 925 2288; x_wconf 82' lang='lat' dir='ltr'>causae</span> <span class='ocrx_word' id='word_1_113' title='bbox 944 2221 1044 2290; x_wconf 82' lang='lat' dir='ltr'>etiam</span> <span class='ocrx_word' id='word_1_114' title='bbox 1065 2247 1144 2294; x_wconf 88' lang='lat' dir='ltr'>nos·</span> 
     </span>
     <span class='ocr_line' id='line_1_17' title="bbox 97 2330 983 2430; baseline 0.008 -32"><span class='ocrx_word' id='word_1_115' title='bbox 97 2361 116 2398; x_wconf 80' lang='lat' dir='ltr'>n</span> <span class='ocrx_word' id='word_1_116' title='bbox 129 2345 220 2402; x_wconf 89' lang='lat' dir='ltr'>trum</span> <span class='ocrx_word' id='word_1_117' title='bbox 235 2330 386 2425; x_wconf 79' lang='lat' dir='ltr'>requirat</span> <span class='ocrx_word' id='word_1_118' title='bbox 404 2355 555 2400; x_wconf 83' lang='lat' dir='ltr'>examen.</span> <span class='ocrx_word' id='word_1_119' title='bbox 572 2359 590 2396; x_wconf 79' lang='lat' dir='ltr'>n</span> <span class='ocrx_word' id='word_1_120' title='bbox 606 2334 800 2424; x_wconf 86' lang='lat' dir='ltr'>(Constant,</span> <span class='ocrx_word' id='word_1_121' title='bbox 818 2359 852 2429; x_wconf 90' lang='lat' dir='ltr'>p.</span> <span class='ocrx_word' id='word_1_122' title='bbox 872 2334 983 2430; x_wconf 84' lang='lat'><strong>936.)&#39;</strong></span> 
     </span>
    </p>

    <p class='ocr_par' dir='ltr' id='par_1_6' title="bbox 1 2445 1167 3704">
     <span class='ocr_line' id='line_1_18' title="bbox 143 2445 1142 2544; baseline 0.003 -25"><span class='ocrx_word' id='word_1_123' title='bbox 143 2451 191 2520; x_wconf 86' lang='lat' dir='ltr'>Ce</span> <span class='ocrx_word' id='word_1_124' title='bbox 204 2473 293 2544; x_wconf 85' lang='lat' dir='ltr'>pape</span> <span class='ocrx_word' id='word_1_125' title='bbox 307 2445 399 2543; x_wconf 88' lang='lat' dir='ltr'>parle</span> <span class='ocrx_word' id='word_1_126' title='bbox 412 2473 454 2516; x_wconf 90' lang='lat' dir='ltr'>eu</span> <span class='ocrx_word' id='word_1_127' title='bbox 472 2461 526 2518; x_wconf 88' lang='lat' dir='ltr'>eet</span> <span class='ocrx_word' id='word_1_128' title='bbox 540 2447 675 2518; x_wconf 90' lang='lat' dir='ltr'>endroit</span> <span class='ocrx_word' id='word_1_129' title='bbox 694 2448 736 2518; x_wconf 91' lang='lat' dir='ltr'>de</span> <span class='ocrx_word' id='word_1_130' title='bbox 755 2447 982 2544; x_wconf 72' lang='lat' dir='ltr'>l&#39;archevdque</span> <span class='ocrx_word' id='word_1_131' title='bbox 997 2451 1142 2544; x_wconf 82' lang='lat' dir='ltr'>d’Arles,</span> 
     </span>
     <span class='ocr_line' id='line_1_19' title="bbox 4 2558 1143 2660; baseline 0.003 -26"><span class='ocrx_word' id='word_1_132' title='bbox 4 2593 9 2612; x_wconf 88' lang='lat'><strong>·</strong></span> <span class='ocrx_word' id='word_1_133' title='bbox 98 2565 152 2658; x_wconf 92' lang='lat' dir='ltr'>qui</span> <span class='ocrx_word' id='word_1_134' title='bbox 165 2565 256 2634; x_wconf 89' lang='lat' dir='ltr'>avait</span> <span class='ocrx_word' id='word_1_135' title='bbox 273 2564 326 2633; x_wconf 71' lang='lat' dir='ltr'>e&#39;te</span> <span class='ocrx_word' id='word_1_136' title='bbox 340 2558 444 2634; x_wconf 83' lang='lat' dir='ltr'>e&#39;tubli</span> <span class='ocrx_word' id='word_1_137' title='bbox 459 2564 582 2634; x_wconf 83' lang='lat' dir='ltr'>vinaire</span> <span class='ocrx_word' id='word_1_138' title='bbox 601 2563 811 2660; x_wconf 86' lang='lat' dir='ltr'>apostolique</span> <span class='ocrx_word' id='word_1_139' title='bbox 830 2587 917 2659; x_wconf 94' lang='lat' dir='ltr'>pour</span> <span class='ocrx_word' id='word_1_140' title='bbox 939 2563 985 2634; x_wconf 86' lang='lat' dir='ltr'>les</span> <span class='ocrx_word' id='word_1_141' title='bbox 1006 2566 1143 2659; x_wconf 76' lang='lat' dir='ltr'>Gaudes,</span> 
     </span>
     <span class='ocr_line' id='line_1_20' title="bbox 98 2677 1144 2776; baseline 0.004 -28"><span class='ocrx_word' id='word_1_142' title='bbox 98 2705 224 2750; x_wconf 86' lang='lat' dir='ltr'>comme</span> <span class='ocrx_word' id='word_1_143' title='bbox 240 2679 475 2776; x_wconf 76' lang='lat' dir='ltr'>l’arehevdque</span> <span class='ocrx_word' id='word_1_144' title='bbox 495 2679 536 2748; x_wconf 92' lang='lat' dir='ltr'>de</span> <span class='ocrx_word' id='word_1_145' title='bbox 554 2677 818 2773; x_wconf 85' lang='lat' dir='ltr'>Thessalouique</span> <span class='ocrx_word' id='word_1_146' title='bbox 836 2705 924 2775; x_wconf 90' lang='lat' dir='ltr'>pour</span> <span class='ocrx_word' id='word_1_147' title='bbox 942 2680 1094 2776; x_wconf 64' lang='lat' dir='ltr'>tulpia,</span> <span class='ocrx_word' id='word_1_148' title='bbox 1110 2699 1144 2752; x_wconf 89' lang='lat' dir='ltr'>ot</span> 
     </span>
     <span class='ocr_line' id='line_1_21' title="bbox 97 2792 1143 2892; baseline 0.004 -28"><span class='ocrx_word' id='word_1_149' title='bbox 97 2821 222 2869; x_wconf 86' lang='lat' dir='ltr'>comme</span> <span class='ocrx_word' id='word_1_150' title='bbox 240 2792 329 2866; x_wconf 83' lang='lat' dir='ltr'>celui</span> <span class='ocrx_word' id='word_1_151' title='bbox 349 2793 391 2866; x_wconf 90' lang='lat' dir='ltr'>de</span> <span class='ocrx_word' id='word_1_152' title='bbox 409 2793 534 2866; x_wconf 71' lang='lat' dir='ltr'>Seville</span> <span class='ocrx_word' id='word_1_153' title='bbox 556 2793 844 2890; x_wconf 68' lang='lat' dir='ltr'>pouud&#39;Espagne</span> <span class='ocrx_word' id='word_1_154' title='bbox 867 2811 899 2864; x_wconf 89' lang='lat' dir='ltr'>et</span> <span class='ocrx_word' id='word_1_155' title='bbox 919 2794 950 2865; x_wconf 91' lang='lat' dir='ltr'>le</span> <span class='ocrx_word' id='word_1_156' title='bbox 971 2798 1143 2892; x_wconf 79' lang='lat' dir='ltr'>Portugnl.</span> 
     </span>
     <span class='ocr_line' id='line_1_22' title="bbox 97 2908 1145 3005; baseline 0.002 -23"><span class='ocrx_word' id='word_1_157' title='bbox 97 2909 209 2985; x_wconf 73' lang='lat' dir='ltr'>C&#39;esta</span> <span class='ocrx_word' id='word_1_158' title='bbox 228 2909 464 3004; x_wconf 75' lang='lat' dir='ltr'>i’archevdque</span> <span class='ocrx_word' id='word_1_159' title='bbox 483 2908 612 2980; x_wconf 84' lang='lat' dir='ltr'>d’Arles</span> <span class='ocrx_word' id='word_1_160' title='bbox 629 2935 696 3004; x_wconf 90' lang='lat' dir='ltr'>que</span> <span class='ocrx_word' id='word_1_161' title='bbox 714 2908 761 2980; x_wconf 88' lang='lat' dir='ltr'>les</span> <span class='ocrx_word' id='word_1_162' title='bbox 777 2912 920 3005; x_wconf 71' lang='lat' dir='ltr'>eseques</span> <span class='ocrx_word' id='word_1_163' title='bbox 942 2910 1000 2981; x_wconf 85' lang='lat' dir='ltr'>dea</span> <span class='ocrx_word' id='word_1_164' title='bbox 1019 2912 1145 2984; x_wconf 87' lang='lat' dir='ltr'>Gaules</span> 
     </span>
     <span class='ocr_line' id='line_1_23' title="bbox 98 3024 1143 3122; baseline 0.002 -26"><span class='ocrx_word' id='word_1_165' title='bbox 98 3027 247 3098; x_wconf 85' lang='lat' dir='ltr'>devaient</span> <span class='ocrx_word' id='word_1_166' title='bbox 261 3027 431 3116; x_wconf 86' lang='lat' dir='ltr'>recourir;</span> <span class='ocrx_word' id='word_1_167' title='bbox 450 3028 534 3098; x_wconf 77' lang='lat' dir='ltr'>niuis</span> <span class='ocrx_word' id='word_1_168' title='bbox 556 3026 670 3122; x_wconf 87' lang='lat' dir='ltr'>quand</span> <span class='ocrx_word' id='word_1_169' title='bbox 693 3024 836 3096; x_wconf 83' lang='lat' dir='ltr'>l’affaire</span> <span class='ocrx_word' id='word_1_170' title='bbox 856 3025 939 3096; x_wconf 85' lang='lat' dir='ltr'>e&#39;tait</span> <span class='ocrx_word' id='word_1_171' title='bbox 957 3026 1056 3098; x_wconf 92' lang='lat' dir='ltr'>d’une</span> <span class='ocrx_word' id='word_1_172' title='bbox 1080 3030 1143 3098; x_wconf 89' lang='lat' dir='ltr'>im·</span> 
     </span>
     <span class='ocr_line' id='line_1_24' title="bbox 97 3140 1146 3236; baseline 0 -20"><span class='ocrx_word' id='word_1_173' title='bbox 97 3158 257 3235; x_wconf 81' lang='lat' dir='ltr'>portance</span> <span class='ocrx_word' id='word_1_174' title='bbox 277 3141 426 3232; x_wconf 84' lang='lat' dir='ltr'>uotahle‚</span> <span class='ocrx_word' id='word_1_175' title='bbox 439 3141 671 3236; x_wconf 69' lang='lat' dir='ltr'>l&#39;arohevdque</span> <span class='ocrx_word' id='word_1_176' title='bbox 686 3140 815 3212; x_wconf 86' lang='lat' dir='ltr'>d&#39;Arles</span> <span class='ocrx_word' id='word_1_177' title='bbox 836 3140 1013 3212; x_wconf 72' lang='lat' dir='ltr'>lui-meme</span> <span class='ocrx_word' id='word_1_178' title='bbox 1033 3143 1146 3216; x_wconf 90' lang='lat' dir='ltr'>devait</span> 
     </span>
     <span class='ocr_line' id='line_1_25' title="bbox 98 3255 1145 3358; baseline 0.005 -31"><span class='ocrx_word' id='word_1_179' title='bbox 98 3283 134 3328; x_wconf 90' lang='lat' dir='ltr'>en</span> <span class='ocrx_word' id='word_1_180' title='bbox 154 3259 280 3330; x_wconf 75' lang='lat' dir='ltr'>re&#39;fdrer</span> <span class='ocrx_word' id='word_1_181' title='bbox 294 3285 337 3328; x_wconf 86' lang='lat' dir='ltr'>au</span> <span class='ocrx_word' id='word_1_182' title='bbox 355 3260 563 3354; x_wconf 72' lang='lat' dir='ltr'>saint-siege,</span> <span class='ocrx_word' id='word_1_183' title='bbox 584 3259 657 3328; x_wconf 80' lang='lat' dir='ltr'>nisi</span> <span class='ocrx_word' id='word_1_184' title='bbox 663 3255 881 3358; x_wconf 76' lang='lat' dir='ltr'>¹magnitudo</span> <span class='ocrx_word' id='word_1_185' title='bbox 898 3283 1017 3332; x_wconf 82' lang='lat' dir='ltr'>euusoe</span> <span class='ocrx_word' id='word_1_186' title='bbox 1036 3264 1145 3332; x_wconf 81' lang='lat' dir='ltr'>etiarn</span> 
     </span>
     <span class='ocr_line' id='line_1_26' title="bbox 1 3373 1147 3472; baseline 0.002 -27"><span class='ocrx_word' id='word_1_187' title='bbox 1 3425 2 3429; x_wconf 48' lang='lat'><em>=</em></span> <span class='ocrx_word' id='word_1_188' title='bbox 97 3392 248 3450; x_wconf 72' lang='lat' dir='ltr'>neruum</span> <span class='ocrx_word' id='word_1_189' title='bbox 266 3377 425 3472; x_wconf 81' lang='lat' dir='ltr'>requirat</span> <span class='ocrx_word' id='word_1_190' title='bbox 444 3399 611 3446; x_wconf 75' lang='lat' dir='ltr'>examen.</span> <span class='ocrx_word' id='word_1_191' title='bbox 623 3377 679 3444; x_wconf 91' lang='lat' dir='ltr'>On</span> <span class='ocrx_word' id='word_1_192' title='bbox 695 3388 776 3470; x_wconf 90' lang='lat' dir='ltr'>peut</span> <span class='ocrx_word' id='word_1_193' title='bbox 792 3375 866 3444; x_wconf 87' lang='lat' dir='ltr'>voir</span> <span class='ocrx_word' id='word_1_194' title='bbox 882 3376 972 3444; x_wconf 88' lang='lat' dir='ltr'>aussi</span> <span class='ocrx_word' id='word_1_195' title='bbox 993 3373 1025 3445; x_wconf 84' lang='lat' dir='ltr'>la</span> <span class='ocrx_word' id='word_1_196' title='bbox 1049 3374 1147 3449; x_wconf 83' lang='lat' dir='ltr'>lettre</span> 
     </span>
     <span class='ocr_line' id='line_1_27' title="bbox 98 3473 1167 3588; baseline 0.001 -29"><span class='ocrx_word' id='word_1_197' title='bbox 98 3489 138 3561; x_wconf 89' lang='lat' dir='ltr'>du</span> <span class='ocrx_word' id='word_1_198' title='bbox 161 3494 271 3563; x_wconf 78' lang='lat' dir='ltr'><strong>meme</strong></span> <span class='ocrx_word' id='word_1_199' title='bbox 293 3473 380 3588; x_wconf 85' lang='lat' dir='ltr'>pape</span> <span class='ocrx_word' id='word_1_200' title='bbox 404 3492 423 3562; x_wconf 78' lang='lat' dir='ltr'>it</span> <span class='ocrx_word' id='word_1_201' title='bbox 448 3491 594 3578; x_wconf 85' lang='lat' dir='ltr'>Hilaire,</span> <span class='ocrx_word' id='word_1_202' title='bbox 615 3488 742 3585; x_wconf 64' lang='lat' dir='ltr'>eurique</span> <span class='ocrx_word' id='word_1_203' title='bbox 767 3491 809 3560; x_wconf 91' lang='lat' dir='ltr'>de</span> <span class='ocrx_word' id='word_1_204' title='bbox 830 3491 1028 3562; x_wconf 89' lang='lat' dir='ltr'>Narbnnne.</span> <span class='ocrx_word' id='word_1_205' title='bbox 1052 3493 1167 3587; x_wconf 59' lang='lat' dir='ltr'>(Sir-f</span> 
     </span>
     <span class='ocr_line' id='line_1_28' title="bbox 101 3605 680 3704; baseline 0.003 -28"><span class='ocrx_word' id='word_1_206' title='bbox 101 3611 212 3699; x_wconf 87' lang='lat' dir='ltr'>nond,</span> <span class='ocrx_word' id='word_1_207' title='bbox 231 3626 256 3681; x_wconf 88' lang='lat' dir='ltr'>t.</span> <span class='ocrx_word' id='word_1_208' title='bbox 275 3614 312 3698; x_wconf 87' lang='lat'>1,</span> <span class='ocrx_word' id='word_1_209' title='bbox 334 3635 367 3704; x_wconf 87' lang='lat' dir='ltr'>p.</span> <span class='ocrx_word' id='word_1_210' title='bbox 383 3606 443 3698; x_wconf 73' lang='grc'>45,</span> <span class='ocrx_word' id='word_1_211' title='bbox 457 3611 564 3678; x_wconf 84' lang='lat' dir='ltr'>Cone.</span> <span class='ocrx_word' id='word_1_212' title='bbox 586 3605 680 3702; x_wconf 76' lang='lat' dir='ltr'>gall.)</span> 
     </span>
    </p>

    <p class='ocr_par' dir='ltr' id='par_1_7' title="bbox 102 3719 1236 3939">
     <span class='ocr_line' id='line_1_29' title="bbox 141 3719 1236 3828; baseline -0.002 -33"><span class='ocrx_word' id='word_1_213' title='bbox 141 3728 224 3796; x_wconf 90' lang='lat' dir='ltr'>Vers</span> <span class='ocrx_word' id='word_1_214' title='bbox 237 3725 302 3796; x_wconf 90' lang='lat' dir='ltr'>l’an</span> <span class='ocrx_word' id='word_1_215' title='bbox 315 3723 443 3828; x_wconf 59' lang='lat' dir='ltr'>deiide</span> <span class='ocrx_word' id='word_1_216' title='bbox 454 3749 539 3819; x_wconf 82' lang='lat' dir='ltr'>pape</span> <span class='ocrx_word' id='word_1_217' title='bbox 551 3727 587 3796; x_wconf 87' lang='lat' dir='ltr'>S.</span> <span class='ocrx_word' id='word_1_218' title='bbox 601 3721 749 3796; x_wconf 73' lang='lat' dir='ltr'>Celestiu</span> <span class='ocrx_word' id='word_1_219' title='bbox 764 3719 904 3792; x_wconf 76' lang='lat' dir='ltr'>derivait</span> <span class='ocrx_word' id='word_1_220' title='bbox 917 3745 984 3810; x_wconf 72' lang='lat' dir='ltr'>aun</span> <span class='ocrx_word' id='word_1_221' title='bbox 1002 3721 1147 3818; x_wconf 67' lang='lat' dir='ltr'>dvdques</span> <span class='ocrx_word' id='word_1_222' title='bbox 1233 3751 1236 3760; x_wconf 54' lang='lat'><strong>⁴</strong></span> 
     </span>
     <span class='ocr_line' id='line_1_30' title="bbox 102 3837 912 3939; baseline -0.002 -29"><span class='ocrx_word' id='word_1_223' title='bbox 102 3837 152 3910; x_wconf 90' lang='lat' dir='ltr'>des</span> <span class='ocrx_word' id='word_1_224' title='bbox 165 3842 346 3937; x_wconf 82' lang='lat' dir='ltr'>provinces</span> <span class='ocrx_word' id='word_1_225' title='bbox 364 3840 406 3911; x_wconf 90' lang='lat' dir='ltr'>de</span> <span class='ocrx_word' id='word_1_226' title='bbox 429 3839 590 3939; x_wconf 88' lang='lat' dir='ltr'>l’Illyrie:</span> <span class='ocrx_word' id='word_1_227' title='bbox 909 3927 912 3932; x_wconf 20' lang='grc' dir='ltr'>Ι</span> 
     </span>
    </p>

    <p class='ocr_par' dir='ltr' id='par_1_8' title="bbox 104 3953 1150 4284">
     <span class='ocr_line' id='line_1_31' title="bbox 152 3953 1150 4056; baseline -0.001 -29"><span class='ocrx_word' id='word_1_228' title='bbox 152 3987 170 4027; x_wconf 79' lang='lat' dir='ltr'>a</span> <span class='ocrx_word' id='word_1_229' title='bbox 185 3963 274 4030; x_wconf 91' lang='lat' dir='ltr'>Sunt</span> <span class='ocrx_word' id='word_1_230' title='bbox 287 3957 585 4056; x_wconf 80' lang='lat' dir='ltr'>culpaealiquantae</span> <span class='ocrx_word' id='word_1_231' title='bbox 596 3981 664 4028; x_wconf 90' lang='lat' dir='ltr'>uon</span> <span class='ocrx_word' id='word_1_232' title='bbox 676 3955 848 4050; x_wconf 85' lang='lat' dir='ltr'>levesquae</span> <span class='ocrx_word' id='word_1_233' title='bbox 862 3953 927 4026; x_wconf 79' lang='lat' dir='ltr'>iltis</span> <span class='ocrx_word' id='word_1_234' title='bbox 939 3956 1063 4026; x_wconf 71' lang='lat' dir='ltr'>innatae</span> <span class='ocrx_word' id='word_1_235' title='bbox 1073 3981 1150 4053; x_wconf 91' lang='lat' dir='ltr'>pro·</span> 
     </span>
     <span class='ocr_line' id='line_1_32' title="bbox 105 4070 1150 4170; baseline 0.004 -30"><span class='ocrx_word' id='word_1_236' title='bbox 105 4101 121 4140; x_wconf 73' lang='grc' dir='ltr'><em>α</em></span> <span class='ocrx_word' id='word_1_237' title='bbox 136 4075 250 4148; x_wconf 86' lang='lat' dir='ltr'>vinciis</span> <span class='ocrx_word' id='word_1_238' title='bbox 264 4075 308 4144; x_wconf 85' lang='lat' dir='ltr'>ad</span> <span class='ocrx_word' id='word_1_239' title='bbox 325 4101 397 4164; x_wconf 89' lang='lat' dir='ltr'>nos,</span> <span class='ocrx_word' id='word_1_240' title='bbox 412 4099 490 4146; x_wconf 87' lang='lat' dir='ltr'>oum</span> <span class='ocrx_word' id='word_1_241' title='bbox 506 4075 610 4144; x_wconf 87' lang='lat' dir='ltr'>simus</span> <span class='ocrx_word' id='word_1_242' title='bbox 626 4073 765 4168; x_wconf 82' lang='lat' dir='ltr'>longius</span> <span class='ocrx_word' id='word_1_243' title='bbox 782 4070 863 4170; x_wconf 68' lang='lat' dir='ltr'>:non</span> <span class='ocrx_word' id='word_1_244' title='bbox 878 4089 1017 4169; x_wconf 86' lang='lat' dir='ltr'>possunt</span> <span class='ocrx_word' id='word_1_245' title='bbox 1032 4097 1150 4168; x_wconf 90' lang='lat' dir='ltr'>perve-</span> 
     </span>
     <span class='ocr_line' id='line_1_33' title="bbox 104 4188 1149 4284; baseline -0.002 -22"><span class='ocrx_word' id='word_1_246' title='bbox 104 4192 223 4280; x_wconf 74' lang='lat' dir='ltr'>uuire;</span> <span class='ocrx_word' id='word_1_247' title='bbox 239 4207 299 4265; x_wconf 89' lang='lat' dir='ltr'>ant</span> <span class='ocrx_word' id='word_1_248' title='bbox 313 4192 391 4284; x_wconf 83' lang='lat' dir='ltr'>jum.</span> <span class='ocrx_word' id='word_1_249' title='bbox 407 4192 543 4262; x_wconf 83' lang='lat' dir='ltr'>semotis</span> <span class='ocrx_word' id='word_1_250' title='bbox 559 4189 722 4262; x_wconf 86' lang='lat' dir='ltr'>omnibus</span> <span class='ocrx_word' id='word_1_251' title='bbox 739 4213 812 4260; x_wconf 85' lang='lat' dir='ltr'>uon</span> <span class='ocrx_word' id='word_1_252' title='bbox 834 4188 881 4259; x_wconf 85' lang='lat' dir='ltr'>ita</span> <span class='ocrx_word' id='word_1_253' title='bbox 902 4204 939 4280; x_wconf 89' lang='lat' dir='ltr'>ut</span> <span class='ocrx_word' id='word_1_254' title='bbox 960 4205 1039 4262; x_wconf 87' lang='lat' dir='ltr'>sunt</span> <span class='ocrx_word' id='word_1_255' title='bbox 1057 4206 1149 4278; x_wconf 85' lang='lat' dir='ltr'>acta,</span> 
     </span>
    </p>
   </div>
   <div class='ocr_carea' id='block_1_4' title="bbox 0 0 1406 5022">
    <p class='ocr_par' dir='ltr' id='par_1_9' title="bbox 0 0 1406 5022">
     <span class='ocr_line' id='line_1_34' title="bbox 0 0 1406 5022; baseline 0 0"><span class='ocrx_word' id='word_1_256' title='bbox 0 0 1406 5022; x_wconf 95' lang='lat' dir='ltr'> </span> 
     </span>
    </p>
   </div>
  </div>
 </body>
</html>
