2844 5028
237 507 457 571 ordnnrrons
476 520 522 571 on
543 521 697 570 concino
718 521 839 586 raom,
860 522 935 570 arc
1042 493 1115 598 459

14 641 15 650 ’
85 642 222 739 reliquias
253 673 322 717 esse
353 647 572 719 venerandas.
611 648 767 729 Firmiter
804 673 916 729 assero
953 649 1117 746 imagines

14 817 15 856 ,
84 761 212 848 Christi,
232 790 270 834 ac
293 767 596 862 Dciparaesemper
623 763 791 860 Virginis,
816 791 946 835 necnon
970 763 1116 844 aliorum

14 861 15 866 ἵ
84 893 260 948 sanctornm
281 881 472 972 habendas,
495 897 530 952 et
549 879 743 952 retinendas
758 906 849 971 esse
874 895 978 978 atque
992 879 1128 974 eisd

83 993 176 1063 bitum
194 995 382 1084 honorem,
411 1021 450 1066 ac
483 993 734 1066 venerationem
764 982 1035 1090 impartiendam.
1063 999 1119 1066 ln-

84 1106 314 1204 dulgentiarum
348 1113 447 1182 etiam
481 1125 680 1211 potestatem
706 1137 725 1179 a
751 1091 927 1181 Christo
919 1137 955 1180 m
974 1109 1119 1187 Ecclesia
1211 1121 1216 1140 ‘

83 1223 215 1295 relictam
254 1223 370 1316 fuisse,
411 1225 614 1322 illarumque
649 1251 748 1296 usum
782 1225 967 1296 christiano
993 1225 1120 1332 populo

13 1367 14 1376 ¹
84 1366 210 1412 maxime
222 1341 399 1413 salutarem
421 1369 512 1412 esse·
506 1341 652 1413 affir.mo
675 1345 845 1427 Sanctam,
860 1339 1060 1420 catholicam
1087 1357 1120 1412 et

13 1493 14 1500 1
83 1457 285 1549 apostolicam
312 1463 501 1530 Romanam
522 1457 703 1528 Ecclesiam
731 1457 882 1527 omnium
906 1455 1119 1536 ecclesiarum

13 1603 14 1614 2
83 1587 209 1644 matrem
237 1591 271 1645 et
301 1577 494 1674 magistram
529 1599 688 1668 agnosco.
715 1578 936 1668 Romanoque
967 1571 1120 1668 pontifici

13 1717 15 1754 τ
83 1685 159 1758 beati
182 1693 271 1762 Petri
294 1689 527 1787 apostolorum
557 1689 720 1786 principis
746 1689 953 1777 successori,
979 1713 1019 1758 ac
1042 1689 1120 1768 Jcsn

13 1833 21 1883 r,
83 1803 195 1892 Christi
215 1807 362 1896 vicario,
387 1831 498 1878 veram
526 1802 749 1884 obedientiam
777 1803 945 1903 s'pondeo,
974 1828 1013 1872 ac
1029 1801 1121 1899 juro.

84 1921 196 1991 Caetera
211 1926 292 2006 item
302 1925 414 1993 onmia
426 1948 445 1993 a
459 1923 561 1994 sacris
576 1921 761 1993 canonibus
774 1935 806 1988 et
817 1919 1031 1989 oecnmenicis
1043 1945 1123 1988 con·

13 2071 14 2076 1
83 2021 172 2124 ciliis,
189 2063 227 2108 ac
242 2040 410 2136 praecipue
426 2041 445 2108 a
463 2052 674 2117 sacrosancta
689 2035 888 2116 'l'ridentina
903 2033 1030 2132 synodo
1054 2049 1122 2104 tra-

13 2186 17 2200 ·
84 2147 159 2238 dita,
181 2154 338 2246 delinita,
360 2169 392 2224 et
411 2153 598 2238 declarata,
626 2151 859 2222 indubitanter
877 2153 1005 2248 recipio
1024 2165 1126 2244 atque

13 2301 17 2345 ς
84 2267 265 2358 profiteor:
293 2267 460 2366 simulque
486 2269 656 2339 contraria
683 2269 817 2354 omnia,
851 2282 953 2362 atque
984 2267 1123 2335 haereses

15 2418 17 2429 =
84 2405 301 2480 quascumque
314 2386 355 2455 ab
371 2384 519 2454 Ecclesia
536 2383 732 2470 damnatas
754 2398 787 2451 et
810 2381 980 2487 rejectas,
993 2393 1026 2450 ct
1044 2406 1125 2450 ana
1186 2417 1191 2425 ·

12 2521 14 2548 1
86 2494 267 2574 thematma
254 2517 305 2571 as
314 2527 404 2596 ,ego
423 2501 548 2598 pariter
564 2499 704 2588 damno,
721 2497 903 2595 chrcro,et
920 2493 1125 2568 anathema
1197 2485 1200 2490 ¹

12 2659 14 2698 ,
85 2615 150 2684 tizo.
171 2621 267 2689 Hanc
287 2640 398 2689 veram
416 2615 616 2698 catholicam
642 2615 762 2702 lidem,
786 2629 879 2684 extra
898 2639 998 2709 qnam
1025 2639 1124 2694 nemo

12 2755 13 2764 ¹
85 2727 181 2802 salvus
199 2761 270 2804 esse
284 2747 411 2830 potest,
425 2760 529 2828 quam
545 2735 580 2802 in
599 2733 753 2828 prasenti
766 2742 885 2838 sponte
900 2730 1074 2848 profiteor,
1091 2742 1125 2797 ct

86 2850 234 2918 veraciter
255 2865 374 2937 teneo,
392 2848 571 2917 eamdem'
564 2861 742 2942 mtegram,
757 2860 791 2915 et
804 2837 1051 2914 immaculatam
1069 2869 1125 2912 us·

12 3007 15 3042 ,
84 2983 141 3050 que
156 2964 197 3032 ad
207 2979 397 3033 extremum
409 2963 486 3031 vitae
501 2961 661 3058 spiritum
676 2960 960 3046 constantissime,
974 2961 1048 3028 Deo
1065 2957 1127 3026 ad·

81 3072 223 3164 juvante,
243 3081 391 3161 retinere
413 3091 447 3148 et
465 3076 642 3168 confiteri,
663 3091 766 3170 atque
780 3102 799 3146 a
815 3077 897 3146 meis
908 3059 1050 3145 subditis
1068 3087 1127 3144 smt

12 3235 15 3272 g
46 3235 49 3241 -
86 3187 141 3260 illis
151 3221 295 3288 qnorum
312 3221 392 3265 cura
407 3190 450 3264 ad
467 3221 519 3263 me
532 3195 565 3263 in
578 3216 718 3283 monere
729 3218 804 3264 meo
814 3191 987 3288 spectabit,
1005 3191 1127 3299 teneri,

12 3353 14 3394 ,
85 3319 112 3372 ct
129 3307 260 3399 doceri,
282 3325 315 3378 et
334 3309 522 3406 praedicari,
544 3321 711 3404 qnantum
739 3309 774 3377 in
802 3333 856 3391 me
883 3309 965 3396 erit,
989 3322 1127 3391 curato*

12 3469 14 3508 ,
85 3443 161 3494 rum.
176 3429 250 3522 Ego
265 3412 354 3495 idem
367 3428 410 3498 N.
429 3425 592 3520 spondeo,
610 3449 728 3523 voveo,
743 3448 782 3492 ac
795 3422 896 3518 jur03
910 3423 957 3492 sic
973 3447 1025 3518 me
1037 3427 1133 3493 Deu's

12 3589 13 3620 1
84 3535 229 3630 adjuvet,
249 3539 579 3625 ethaecsanctaDei
599 3525 825 3634 Evangelia.'n
1029 3539 1031 3546 '

126 3657 178 3723 On
205 3639 300 3746 doit,
330 3683 367 3726 cc
398 3655 526 3726 semble
538 3689 556 3744 ,·
572 3653 730 3725 conclnre
758 3653 878 3724 decos
910 3661 1015 3722 tentes
1042 3642 1129 3738 deuii

84 3763 207 3842 choses:
234 3773 270 3842 1⁰
288 3799 367 3867 que,
386 3771 478 3841 selon
499 3771 530 3841 la
551 3785 670 3842 tenear
685 3770 731 3839 du
746 3765 876 3840 concile
889 3768 930 3837 de
948 3769 1084 3855 Trente,
1099 3767 1130 3838 la'

85 3888 264 3977 profession
291 3886 332 3957 dc
359 3887 403 3957 soi
428 3901 461 3957 et
483 3882 514 3959 la
533 3911 701 3982 promesse
720 3883 947 3954 d’obeissance
969 3893 1011 3953 an
1028 3884 1131 3953 saint·

86 4000 166 4096 sie'ge
193 4003 331 4073 doivent
356 4005 427 4073 &tre
445 4003 541 4073 faites
564 4028 624 4098 par
649 3999 696 4072 les
716 3997 818 4072 Pdres
838 3999 883 4070 d'u
906 3999 1036 4084 concile
1053 4015 1131 4140 pro‘·

86 4115 219 4210 vincial,
246 4145 289 4190 an
312 4122 421 4189 moins
424 4116 607 4214 lotsqn’ils
626 4120 782 4189 assistent
806 4141 923 4212 pour
915 4113 945 4186 la
967 4117 1132 4214 premidrc

88 4226 171 4301 lois
161 4259 180 4304 a
199 4248 255 4306 ces
269 4238 391 4306 saintes
409 4231 691 4323 assernbldes;⁰
651 4261 671 4304 2
708 4259 774 4328 que
797 4221 1002 4326 lobligation
1025 4230 1130 4303 d'em·
