2836 5024
267 367 316 467 96
621 359 805 428 onomius,
830 377 970 426 enarre.

266 508 678 605 cardimus-interpretes
710 521 758 577 est
781 505 966 578 ndcessaire
987 530 1075 602 pour
1102 503 1133 577 la
1155 530 1323 577 convoca-

268 639 341 709 tion
363 635 417 706 des
436 624 581 697 conciles
601 623 835 721 provinciana.
856 623 955 694 Volci
972 621 1020 694 les
1038 621 1170 720 paroles
1193 622 1239 692 du
1264 648 1321 694 sa-

272 759 508 822 vantauteur:
585 739 588 744 “

317 893 335 930 ι
352 866 469 955 Quare
483 885 523 930 ex
536 858 660 929 eisdem
672 855 1032 952 aliisquerationibus,
1044 858 1217 956 prohibita
1234 883 1323 954 quo-

269 1009 286 1046 «
304 1005 370 1076 que
393 978 458 1048 fuit
485 976 684 1064 convocatio
710 972 828 1068 synodi
854 971 1090 1069 provincialis,
1126 973 1323 1046 inconsulta

268 1098 368 1168 «hac
395 1119 488 1166 sacra
512 1092 794 1190 congregatione,
816 1093 892 1184 q'uae
915 1087 1116 1186 aliquando,
1141 1090 1199 1162 sed
1222 1117 1320 1181 raro,

269 1243 286 1280 ιι
304 1213 598 1309 suffraganeorum
618 1206 914 1279 informationibus
927 1208 1021 1302 prius
1036 1207 1182 1296 auditis,
1206 1211 1321 1278 omni-

268 1360 286 1395 ιι
304 1331 432 1425 busque
450 1325 634 1435 diligenter
644 1324 794 1420 pensatis
809 1322 841 1396 id
857 1322 1062 1396 demandare
1077 1324 1173 1396 solet.
1190 1353 1208 1390 a
1227 1324 1323 1420 (Dis.
1409 1389 1410 1392 ,

266 1471 383 1516 cursus
404 1441 468 1532 30,
485 1443 529 1513 ad
547 1443 727 1513 sessionem
743 1441 789 1525 afr
809 1439 850 1510 de
869 1440 1044 1530 Reform,
1064 1465 1093 1510 c.
1108 1468 1151 1531 a,
1170 1440 1320 1513 Concilii

267 1560 480 1658 tridentini.)

314 1678 344 1750 ll
363 1679 476 1750 venait
496 1676 669 1772 d’exposer
690 1701 732 1745 eu
751 1700 805 1746 ces
822 1690 946 1746 termes
968 1701 1005 1745 ce
1024 1674 1104 1770 qu’il
1119 1674 1244 1746 entend
1259 1701 1323 1770 par

266 1821 321 1866 ces
338 1813 426 1867 mots
448 1820 494 1865 ex
508 1792 639 1865 eisdem
654 1791 876 1864 rationibus:

319 1944 335 1980 ιι
353 1917 500 2009 Experto
514 1936 596 1982 vero
611 1935 705 1981 sacra
720 1909 940 2006 congregatio
957 1909 1230 1981 inconvenientia
1243 1934 1322 2008 quae

268 2029 445 2127 «desuper
459 2028 542 2099 oriri
559 2026 714 2098 solebant
728 2027 771 2095 ob
787 2027 1010 2098 dissensiones
1028 2051 1115 2122 pene
1137 2026 1321 2096 continuas

270 2173 287 2209 ιι
303 2144 392 2214 inter
414 2140 693 2237 metropolitanos
714 2157 749 2212 et
763 2141 1014 2238 suffraganeos,
1037 2167 1140 2237 super
1157 2141 1323 2212 facilitate

271 2291 287 2327 ιι
305 2259 505 2331 admittendi
521 2259 623 2328 etiam
633 2256 772 2334 frivolas
786 2256 1045 2354 appellationes,
1058 2275 1093 2330 et
1103 2257 1316 2330 concedendi

270 2404 287 2439 ιι
305 2375 541 2463 inhibitiones,
560 2372 646 2443 adeo
669 2387 708 2442 ut
727 2397 812 2467 pene
832 2373 987 2444 omnium
1007 2396 1181 2444 causarum
1197 2398 1321 2446 cursus

269 2489 540 2588 «impediretur,
552 2488 678 2560 multas
696 2489 905 2584 provisiones
924 2489 1004 2560 fecit
1023 2515 1124 2585 super
1146 2505 1322 2586 metropo-

269 2640 286 2675 ιι
304 2609 404 2680 liticae
431 2609 605 2706 potestatis
626 2607 907 2704 restrictione,et
921 2606 1058 2702 quando
1081 2605 1324 2703 appellationes

266 2757 284 2794 ιι
301 2727 455 2816 admitti,
472 2741 576 2821 atque
589 2724 808 2794 inhibitiones
821 2723 962 2796 concedi
979 2723 1155 2811 deberent,
1172 2748 1320 2794 neone...

268 2873 286 2908 ιι
307 2847 411 2913 Prout
427 2843 528 2912 etiam
541 2840 657 2912 eadem
672 2839 924 2935 metropolitica
938 2855 1085 2935 potestas
1102 2842 1137 2908 in
1151 2837 1323 2935 plerisque

270 2989 287 3026 ιι
305 2959 436 3029 casibus
450 2958 606 3027 restricta
621 2956 704 3044 fuit,
716 2957 901 3051 praesertim
914 2955 947 3026 in
965 2958 1003 3025 iis
1017 2980 1093 3051 quae
1108 2971 1323 3026 concernunt

271 3104 288 3140 ιι
305 3071 562 3145 ecclesiasticam
590 3073 854 3160 immunitatem,
877 3071 928 3142 vel
950 3073 1010 3144 ubi
1029 3074 1143 3168 agitur
1160 3072 1204 3143 de
1225 3075 1324 3143 novis

272 3220 289 3256 ιι
309 3189 567 3259 fundationibus
588 3203 839 3278 conventuum,
855 3213 934 3258 cum
948 3187 1134 3277 similibus3
1156 3188 1323 3282 quoniam

272 3337 289 3371 ιι
307 3308 351 3378 ob
369 3304 500 3376 facilem
516 3329 691 3376 recursum
707 3302 750 3374 ad
762 3305 859 3374 istam
872 3329 1001 3376 sacram
1013 3304 1324 3400 congregationem,

271 3452 288 3502 ιι
308 3447 367 3492 seu
386 3422 427 3492 ad
444 3419 585 3491 alteram
601 3421 859 3517 episcoporum,
878 3422 996 3491 autad
1014 3420 1080 3492 alia
1098 3443 1247 3490 romanae
1265 3446 1323 3492 cu·

272 3567 289 3604 ιι
306 3539 363 3608 riae
382 3536 581 3621 tribunalia,
600 3537 647 3608 ita
670 3537 824 3634 partibus
838 3538 929 3607 intra
945 3551 1075 3607 montes
1093 3536 1319 3606 existentibus

269 3686 285 3721 ι
305 3654 499 3726 consultum
512 3669 681 3742 remanet3
700 3667 802 3748 atque
815 3653 849 3722 id
867 3654 979 3724 minus
994 3653 1235 3723 inconveniens
1256 3668 1319 3737 est,

271 3803 288 3838 ιι
306 3797 408 3866 quam
430 3771 638 3841 effraenatam
658 3770 833 3865 antiquam
854 3771 1024 3840 licentiam
1046 3768 1232 3852 concedere
1252 3788 1322 3836 me·

272 3886 544 3983 «tropolitanis,
576 3911 722 3981 quorum
752 3886 941 3982 frequentia
969 3888 1142 3981 nimiaque
1169 3885 1323 3956 vicinitas

273 4005 436 4098 amajora
463 4003 735 4074 inconvenientia
759 4004 949 4100 producere
974 4003 1125 4095 solebat,
1145 4020 1184 4074 ut
1204 4023 1322 4076 omnes

273 4146 413 4210 ucausae
425 4119 610 4224 praesertim
624 4119 879 4198 criminatoris
893 4123 985 4198 initae
999 4121 1042 4198 ab
1052 4121 1231 4198 ordinariis
1242 4145 1321 4194 avo·
