<?xml version="1.0" encoding="UTF-8"?>
<!DOCTYPE html PUBLIC "-//W3C//DTD XHTML 1.0 Transitional//EN"
    "http://www.w3.org/TR/xhtml1/DTD/xhtml1-transitional.dtd">
<html xmlns="http://www.w3.org/1999/xhtml" xml:lang="en" lang="en">
 <head>
  <title>
</title>
<meta http-equiv="Content-Type" content="text/html;charset=utf-8" />
  <meta name='ocr-system' content='tesseract 3.04.00' />
  <meta name='ocr-capabilities' content='ocr_page ocr_carea ocr_par ocr_line ocrx_word'/>
</head>
<body>
  <div class='ocr_page' id='page_1' title='image "./duconcileprovin00bouigoog/duconcileprovin00bouigoog_0596.png"; bbox 0 0 2910 5038; ppageno 0'>
   <div class='ocr_carea' id='block_1_1' title="bbox 308 411 1012 552">
    <p class='ocr_par' dir='ltr' id='par_1_1' title="bbox 308 411 1012 552">
     <span class='ocr_line' id='line_1_1' title="bbox 308 411 1012 552; baseline -0.006 -26"><span class='ocrx_word' id='word_1_1' title='bbox 308 450 379 552; x_wconf 78' lang='lat'><strong>578</strong></span> <span class='ocrx_word' id='word_1_2' title='bbox 460 411 464 420; x_wconf 29' lang='lat'><strong>¹</strong></span> <span class='ocrx_word' id='word_1_3' title='bbox 644 459 846 538; x_wconf 76' lang='lat' dir='ltr'><strong>crnourbua</strong></span> <span class='ocrx_word' id='word_1_4' title='bbox 871 476 1012 526; x_wconf 79' lang='lat' dir='ltr'><strong>ranrrr.</strong></span> 
     </span>
    </p>
   </div>
   <div class='ocr_carea' id='block_1_2' title="bbox 299 600 1425 4328">
    <p class='ocr_par' dir='ltr' id='par_1_2' title="bbox 305 600 1344 1962">
     <span class='ocr_line' id='line_1_2' title="bbox 308 600 1331 698; baseline -0.006 -22"><span class='ocrx_word' id='word_1_5' title='bbox 308 619 458 678; x_wconf 89' lang='lat' dir='ltr'><strong>nostram</strong></span> <span class='ocrx_word' id='word_1_6' title='bbox 476 601 690 698; x_wconf 90' lang='lat' dir='ltr'><strong>aliorumque</strong></span> <span class='ocrx_word' id='word_1_7' title='bbox 705 601 888 694; x_wconf 81' lang='lat' dir='ltr'><strong>desidiam,</strong></span> <span class='ocrx_word' id='word_1_8' title='bbox 907 628 978 676; x_wconf 90' lang='lat' dir='ltr'><strong>non</strong></span> <span class='ocrx_word' id='word_1_9' title='bbox 993 617 1063 677; x_wconf 84' lang='lat' dir='ltr'><strong>um</strong></span> <span class='ocrx_word' id='word_1_10' title='bbox 1077 600 1173 698; x_wconf 86' lang='lat' dir='ltr'><strong>plone</strong></span> <span class='ocrx_word' id='word_1_11' title='bbox 1192 617 1226 675; x_wconf 90' lang='lat' dir='ltr'><strong>ut</strong></span> <span class='ocrx_word' id='word_1_12' title='bbox 1248 625 1331 698; x_wconf 91' lang='lat' dir='ltr'><strong>opor·</strong></span> 
     </span>
     <span class='ocr_line' id='line_1_3' title="bbox 307 719 1333 810; baseline -0.006 -18"><span class='ocrx_word' id='word_1_13' title='bbox 307 735 357 792; x_wconf 90' lang='lat' dir='ltr'><strong>tet</strong></span> <span class='ocrx_word' id='word_1_14' title='bbox 381 733 521 792; x_wconf 81' lang='lat' dir='ltr'>executa</span> <span class='ocrx_word' id='word_1_15' title='bbox 544 733 637 810; x_wconf 90' lang='lat' dir='ltr'><strong>sunt,</strong></span> <span class='ocrx_word' id='word_1_16' title='bbox 659 719 814 791; x_wconf 88' lang='lat' dir='ltr'><strong>omnium</strong></span> <span class='ocrx_word' id='word_1_17' title='bbox 837 736 991 793; x_wconf 89' lang='lat' dir='ltr'><strong>nostrum</strong></span> <span class='ocrx_word' id='word_1_18' title='bbox 1018 719 1170 795; x_wconf 86' lang='lat' dir='ltr'><strong>unanimi</strong></span> <span class='ocrx_word' id='word_1_19' title='bbox 1187 743 1333 798; x_wconf 84' lang='lat' dir='ltr'><strong>consensu</strong></span> 
     </span>
     <span class='ocr_line' id='line_1_4' title="bbox 305 834 1334 933; baseline -0.004 -25"><span class='ocrx_word' id='word_1_20' title='bbox 305 852 342 908; x_wconf 92' lang='lat' dir='ltr'><strong>et</strong></span> <span class='ocrx_word' id='word_1_21' title='bbox 354 836 545 921; x_wconf 87' lang='lat' dir='ltr'><strong>voluntate,</strong></span> <span class='ocrx_word' id='word_1_22' title='bbox 565 836 804 933; x_wconf 82' lang='lat' dir='ltr'><strong>requirantur,</strong></span> <span class='ocrx_word' id='word_1_23' title='bbox 823 852 858 906; x_wconf 91' lang='lat' dir='ltr'><strong>et</strong></span> <span class='ocrx_word' id='word_1_24' title='bbox 872 834 1046 908; x_wconf 88' lang='lat' dir='ltr'><strong>humiliter</strong></span> <span class='ocrx_word' id='word_1_25' title='bbox 1063 861 1176 909; x_wconf 88' lang='lat' dir='ltr'><strong>coram</strong></span> <span class='ocrx_word' id='word_1_26' title='bbox 1193 836 1334 909; x_wconf 73' lang='lat' dir='ltr'><strong>charitate</strong></span> 
     </span>
     <span class='ocr_line' id='line_1_5' title="bbox 307 950 1335 1050; baseline -0.005 -24"><span class='ocrx_word' id='word_1_27' title='bbox 307 969 416 1026; x_wconf 85' lang='lat' dir='ltr'><strong>vestra</strong></span> <span class='ocrx_word' id='word_1_28' title='bbox 445 955 649 1043; x_wconf 76' lang='lat' dir='ltr'><strong>recitentur,</strong></span> <span class='ocrx_word' id='word_1_29' title='bbox 672 967 711 1023; x_wconf 90' lang='lat' dir='ltr'><strong>nt</strong></span> <span class='ocrx_word' id='word_1_30' title='bbox 732 978 809 1046; x_wconf 80' lang='lat' dir='ltr'><strong>quae</strong></span> <span class='ocrx_word' id='word_1_31' title='bbox 832 953 935 1050; x_wconf 79' lang='lat' dir='ltr'><strong>digua</strong></span> <span class='ocrx_word' id='word_1_32' title='bbox 962 968 1043 1026; x_wconf 85' lang='lat' dir='ltr'><strong>suut</strong></span> <span class='ocrx_word' id='word_1_33' title='bbox 1061 953 1286 1026; x_wconf 82' lang='lat' dir='ltr'><strong>emendatione</strong></span> <span class='ocrx_word' id='word_1_34' title='bbox 1302 950 1335 1022; x_wconf 92' lang='lat' dir='ltr'><strong>ad</strong></span> 
     </span>
     <span class='ocr_line' id='line_1_6' title="bbox 307 1067 1337 1165; baseline -0.001 -22"><span class='ocrx_word' id='word_1_35' title='bbox 307 1070 482 1150; x_wconf 87' lang='lat' dir='ltr'><strong>meliorem</strong></span> <span class='ocrx_word' id='word_1_36' title='bbox 511 1085 636 1145; x_wconf 85' lang='lat' dir='ltr'><strong>statura</strong></span> <span class='ocrx_word' id='word_1_37' title='bbox 659 1067 846 1142; x_wconf 82' lang='lat' dir='ltr'><strong>auxiliante</strong></span> <span class='ocrx_word' id='word_1_38' title='bbox 871 1071 1025 1151; x_wconf 81' lang='lat' dir='ltr'><strong>Domino</strong></span> <span class='ocrx_word' id='word_1_39' title='bbox 1051 1070 1282 1165; x_wconf 87' lang='lat' dir='ltr'><strong>perducantur.</strong></span> <span class='ocrx_word' id='word_1_40' title='bbox 1304 1071 1337 1142; x_wconf 81' lang='lat' dir='ltr'><strong>u</strong></span> 
     </span>
     <span class='ocr_line' id='line_1_7' title="bbox 307 1185 1337 1284; baseline -0.006 -26"><span class='ocrx_word' id='word_1_41' title='bbox 307 1189 362 1263; x_wconf 90' lang='lat' dir='ltr'><strong>cui</strong></span> <span class='ocrx_word' id='word_1_42' title='bbox 381 1189 523 1261; x_wconf 76' lang='lat' dir='ltr'><strong>fortasse</strong></span> <span class='ocrx_word' id='word_1_43' title='bbox 540 1186 669 1282; x_wconf 90' lang='lat' dir='ltr'><strong>aliquid</strong></span> <span class='ocrx_word' id='word_1_44' title='bbox 686 1187 779 1282; x_wconf 91' lang='lat' dir='ltr'><strong>quod</strong></span> <span class='ocrx_word' id='word_1_45' title='bbox 802 1188 972 1284; x_wconf 82' lang='lat' dir='ltr'><strong>digestum</strong></span> <span class='ocrx_word' id='word_1_46' title='bbox 991 1204 1041 1258; x_wconf 91' lang='lat' dir='ltr'><strong>est</strong></span> <span class='ocrx_word' id='word_1_47' title='bbox 1059 1187 1228 1283; x_wconf 87' lang='lat' dir='ltr'><strong>displicet,</strong></span> <span class='ocrx_word' id='word_1_48' title='bbox 1244 1185 1337 1258; x_wconf 88' lang='lat' dir='ltr'><strong>chari·</strong></span> 
     </span>
     <span class='ocr_line' id='line_1_8' title="bbox 308 1303 1339 1398; baseline -0.002 -24"><span class='ocrx_word' id='word_1_49' title='bbox 308 1305 368 1374; x_wconf 89' lang='lat' dir='ltr'><strong>tati</strong></span> <span class='ocrx_word' id='word_1_50' title='bbox 393 1319 510 1376; x_wconf 83' lang='lat' dir='ltr'><strong>vestrae</strong></span> <span class='ocrx_word' id='word_1_51' title='bbox 534 1327 612 1374; x_wconf 90' lang='lat' dir='ltr'><strong>oum</strong></span> <span class='ocrx_word' id='word_1_52' title='bbox 638 1305 850 1398; x_wconf 81' lang='lat' dir='ltr'><strong>benignitate</strong></span> <span class='ocrx_word' id='word_1_53' title='bbox 874 1319 910 1376; x_wconf 90' lang='lat' dir='ltr'><strong>et</strong></span> <span class='ocrx_word' id='word_1_54' title='bbox 930 1303 1095 1376; x_wconf 88' lang='lat' dir='ltr'><strong>modestia</strong></span> <span class='ocrx_word' id='word_1_55' title='bbox 1113 1305 1266 1381; x_wconf 83' lang='lat' dir='ltr'><strong>intimare</strong></span> <span class='ocrx_word' id='word_1_56' title='bbox 1284 1325 1339 1372; x_wconf 89' lang='lat' dir='ltr'><strong>non</strong></span> 
     </span>
     <span class='ocr_line' id='line_1_9' title="bbox 307 1419 1340 1520; baseline -0.002 -30"><span class='ocrx_word' id='word_1_57' title='bbox 307 1420 463 1510; x_wconf 87' lang='lat' dir='ltr'><strong>differat,</strong></span> <span class='ocrx_word' id='word_1_58' title='bbox 494 1435 662 1516; x_wconf 89' lang='lat' dir='ltr'><strong>quatenus</strong></span> <span class='ocrx_word' id='word_1_59' title='bbox 692 1435 804 1490; x_wconf 91' lang='lat' dir='ltr'><strong>totum</strong></span> <span class='ocrx_word' id='word_1_60' title='bbox 831 1419 924 1517; x_wconf 94' lang='lat' dir='ltr'><strong>quod</strong></span> <span class='ocrx_word' id='word_1_61' title='bbox 955 1421 1109 1520; x_wconf 85' lang='lat' dir='ltr'><strong>synodali</strong></span> <span class='ocrx_word' id='word_1_62' title='bbox 1136 1421 1340 1499; x_wconf 80' lang='lat' dir='ltr'><strong>conventione</strong></span> 
     </span>
     <span class='ocr_line' id='line_1_10' title="bbox 308 1533 1341 1632; baseline -0.004 -25"><span class='ocrx_word' id='word_1_63' title='bbox 308 1552 423 1607; x_wconf 86' lang='lat' dir='ltr'><strong>nostra</strong></span> <span class='ocrx_word' id='word_1_64' title='bbox 449 1551 616 1608; x_wconf 86' lang='lat' dir='ltr'><strong>statutum</strong></span> <span class='ocrx_word' id='word_1_65' title='bbox 652 1533 755 1608; x_wconf 83' lang='lat' dir='ltr'><strong>fuerit</strong></span> <span class='ocrx_word' id='word_1_66' title='bbox 783 1535 837 1608; x_wconf 79' lang='lat' dir='ltr'><strong>tel</strong></span> <span class='ocrx_word' id='word_1_67' title='bbox 868 1553 1091 1627; x_wconf 85' lang='lat' dir='ltr'><strong>renovatum,</strong></span> <span class='ocrx_word' id='word_1_68' title='bbox 1121 1538 1246 1632; x_wconf 84' lang='lat' dir='ltr'><strong>absque</strong></span> <span class='ocrx_word' id='word_1_69' title='bbox 1266 1535 1341 1606; x_wconf 87' lang='lat' dir='ltr'><strong>onai</strong></span> 
     </span>
     <span class='ocr_line' id='line_1_11' title="bbox 307 1647 1342 1750; baseline -0.006 -24"><span class='ocrx_word' id='word_1_70' title='bbox 307 1656 566 1742; x_wconf 86' lang='lat' dir='ltr'><strong>contrarietate,</strong></span> <span class='ocrx_word' id='word_1_71' title='bbox 582 1647 767 1726; x_wconf 78' lang='lat' dir='ltr'><strong>concordia</strong></span> <span class='ocrx_word' id='word_1_72' title='bbox 781 1669 906 1728; x_wconf 79' lang='lat' dir='ltr'><strong>sauctae</strong></span> <span class='ocrx_word' id='word_1_73' title='bbox 920 1655 1012 1750; x_wconf 86' lang='lat' dir='ltr'><strong>pacis</strong></span> <span class='ocrx_word' id='word_1_74' title='bbox 1028 1657 1073 1726; x_wconf 87' lang='lat' dir='ltr'><strong>ab</strong></span> <span class='ocrx_word' id='word_1_75' title='bbox 1091 1655 1250 1728; x_wconf 88' lang='lat' dir='ltr'><strong>omnibus</strong></span> <span class='ocrx_word' id='word_1_76' title='bbox 1266 1677 1342 1746; x_wconf 84' lang='lat' dir='ltr'><strong>aeque</strong></span> 
     </span>
     <span class='ocr_line' id='line_1_12' title="bbox 307 1769 1344 1868; baseline -0.006 -26"><span class='ocrx_word' id='word_1_77' title='bbox 307 1771 541 1860; x_wconf 83' lang='lat' dir='ltr'><strong>custodiatur,</strong></span> <span class='ocrx_word' id='word_1_78' title='bbox 562 1796 602 1844; x_wconf 90' lang='lat' dir='ltr'><strong>ac</strong></span> <span class='ocrx_word' id='word_1_79' title='bbox 619 1784 796 1861; x_wconf 86' lang='lat' dir='ltr'><strong>teneatur,</strong></span> <span class='ocrx_word' id='word_1_80' title='bbox 810 1770 855 1842; x_wconf 90' lang='lat' dir='ltr'><strong>ad</strong></span> <span class='ocrx_word' id='word_1_81' title='bbox 868 1788 1092 1868; x_wconf 80' lang='lat' dir='ltr'><strong>augmentum</strong></span> <span class='ocrx_word' id='word_1_82' title='bbox 1109 1788 1242 1844; x_wconf 80' lang='lat' dir='ltr'><strong>aeteruae</strong></span> <span class='ocrx_word' id='word_1_83' title='bbox 1254 1769 1344 1840; x_wconf 88' lang='lat' dir='ltr'><strong>beati·</strong></span> 
     </span>
     <span class='ocr_line' id='line_1_13' title="bbox 308 1887 794 1962; baseline 0.008 -4"><span class='ocrx_word' id='word_1_84' title='bbox 308 1887 436 1958; x_wconf 88' lang='lat' dir='ltr'><strong>tudinis</strong></span> <span class='ocrx_word' id='word_1_85' title='bbox 455 1888 609 1957; x_wconf 90' lang='lat' dir='ltr'><strong>omnium</strong></span> <span class='ocrx_word' id='word_1_86' title='bbox 627 1901 794 1962; x_wconf 86' lang='lat' dir='ltr'><strong>nostrum.</strong></span> 
     </span>
    </p>

    <p class='ocr_par' dir='ltr' id='par_1_3' title="bbox 299 2002 1347 3264">
     <span class='ocr_line' id='line_1_14' title="bbox 356 2002 1347 2104; baseline -0.007 -28"><span class='ocrx_word' id='word_1_87' title='bbox 356 2010 444 2076; x_wconf 82' lang='lat' dir='ltr'><strong>Post</strong></span> <span class='ocrx_word' id='word_1_88' title='bbox 462 2003 543 2074; x_wconf 78' lang='lat' dir='ltr'><strong>drea</strong></span> <span class='ocrx_word' id='word_1_89' title='bbox 560 2002 724 2102; x_wconf 83' lang='lat' dir='ltr'><strong>leguntur</strong></span> <span class='ocrx_word' id='word_1_90' title='bbox 745 2005 1032 2098; x_wconf 78' lang='lat' dir='ltr'><strong>constitutiones,</strong></span> <span class='ocrx_word' id='word_1_91' title='bbox 1059 2006 1093 2075; x_wconf 86' lang='lat' dir='ltr'><strong>si</strong></span> <span class='ocrx_word' id='word_1_92' title='bbox 1111 2030 1195 2104; x_wconf 77' lang='lat' dir='ltr'><strong>quae</strong></span> <span class='ocrx_word' id='word_1_93' title='bbox 1216 2006 1284 2076; x_wconf 87' lang='lat' dir='ltr'><strong>sint</strong></span> <span class='ocrx_word' id='word_1_94' title='bbox 1294 2026 1347 2100; x_wconf 86' lang='lat' dir='ltr'><strong>per</strong></span> 
     </span>
     <span class='ocr_line' id='line_1_15' title="bbox 304 2117 1347 2220; baseline -0.006 -28"><span class='ocrx_word' id='word_1_95' title='bbox 304 2119 478 2216; x_wconf 72' lang='lat' dir='ltr'><strong>synodsrm</strong></span> <span class='ocrx_word' id='word_1_96' title='bbox 494 2117 754 2218; x_wconf 78' lang='lat' dir='ltr'><strong>approbandoe;</strong></span> <span class='ocrx_word' id='word_1_97' title='bbox 770 2119 898 2219; x_wconf 86' lang='lat' dir='ltr'><strong>quibus</strong></span> <span class='ocrx_word' id='word_1_98' title='bbox 910 2119 1030 2205; x_wconf 86' lang='lat' dir='ltr'><strong>lectis,</strong></span> <span class='ocrx_word' id='word_1_99' title='bbox 1052 2137 1087 2192; x_wconf 87' lang='lat' dir='ltr'><strong>et</strong></span> <span class='ocrx_word' id='word_1_100' title='bbox 1093 2147 1169 2220; x_wconf 79' lang='lat' dir='ltr'><strong>per</strong></span> <span class='ocrx_word' id='word_1_101' title='bbox 1183 2127 1311 2207; x_wconf 86' lang='lat' dir='ltr'><strong>Patres,</strong></span> <span class='ocrx_word' id='word_1_102' title='bbox 1323 2117 1347 2186; x_wconf 90' lang='lat' dir='ltr'><strong>si</strong></span> 
     </span>
     <span class='ocr_line' id='line_1_16' title="bbox 301 2235 1345 2336; baseline -0.003 -29"><span class='ocrx_word' id='word_1_103' title='bbox 301 2237 440 2332; x_wconf 86' lang='lat' dir='ltr'><strong>placet,</strong></span> <span class='ocrx_word' id='word_1_104' title='bbox 460 2238 697 2330; x_wconf 84' lang='lat' dir='ltr'><strong>confirmatis,</strong></span> <span class='ocrx_word' id='word_1_105' title='bbox 720 2252 828 2336; x_wconf 85' lang='lat' dir='ltr'><strong>atque</strong></span> <span class='ocrx_word' id='word_1_106' title='bbox 852 2235 1015 2308; x_wconf 82' lang='lat' dir='ltr'><strong>omnibns</strong></span> <span class='ocrx_word' id='word_1_107' title='bbox 1037 2240 1259 2327; x_wconf 67' lang='lat' dir='ltr'><strong>terminatas,</strong></span> <span class='ocrx_word' id='word_1_108' title='bbox 1270 2261 1345 2336; x_wconf 86' lang='lat' dir='ltr'><strong>pon·</strong></span> 
     </span>
     <span class='ocr_line' id='line_1_17' title="bbox 305 2352 1346 2449; baseline 0.001 -26"><span class='ocrx_word' id='word_1_109' title='bbox 305 2353 409 2449; x_wconf 74' lang='lat' dir='ltr'><strong>tifex,</strong></span> <span class='ocrx_word' id='word_1_110' title='bbox 424 2352 552 2429; x_wconf 84' lang='lat' dir='ltr'><strong>sedens</strong></span> <span class='ocrx_word' id='word_1_111' title='bbox 569 2379 649 2424; x_wconf 87' lang='lat' dir='ltr'><strong>cnm</strong></span> <span class='ocrx_word' id='word_1_112' title='bbox 664 2356 785 2439; x_wconf 81' lang='lat' dir='ltr'><strong>mitro,</strong></span> <span class='ocrx_word' id='word_1_113' title='bbox 802 2355 960 2425; x_wconf 87' lang='lat' dir='ltr'><strong>omnium</strong></span> <span class='ocrx_word' id='word_1_114' title='bbox 972 2354 1198 2430; x_wconf 82' lang='lat' dir='ltr'><strong>orationibus</strong></span> <span class='ocrx_word' id='word_1_115' title='bbox 1218 2381 1256 2426; x_wconf 88' lang='lat' dir='ltr'><strong>se</strong></span> <span class='ocrx_word' id='word_1_116' title='bbox 1276 2376 1346 2424; x_wconf 84' lang='lat' dir='ltr'><strong>corn·</strong></span> 
     </span>
     <span class='ocr_line' id='line_1_18' title="bbox 299 2467 1346 2569; baseline 0.001 -31"><span class='ocrx_word' id='word_1_117' title='bbox 299 2468 461 2540; x_wconf 79' lang='lat' dir='ltr'><strong>mendat.</strong></span> <span class='ocrx_word' id='word_1_118' title='bbox 480 2467 619 2539; x_wconf 81' lang='lat' dir='ltr'><strong>Deinde</strong></span> <span class='ocrx_word' id='word_1_119' title='bbox 639 2467 802 2567; x_wconf 83' lang='lat' dir='ltr'><strong>leguntur</strong></span> <span class='ocrx_word' id='word_1_120' title='bbox 818 2471 964 2538; x_wconf 84' lang='lat' dir='ltr'><strong>nomina</strong></span> <span class='ocrx_word' id='word_1_121' title='bbox 986 2471 1146 2540; x_wconf 87' lang='lat' dir='ltr'><strong>omnium</strong></span> <span class='ocrx_word' id='word_1_122' title='bbox 1166 2477 1230 2569; x_wconf 86' lang='lat' dir='ltr'><strong>qni</strong></span> <span class='ocrx_word' id='word_1_123' title='bbox 1249 2473 1284 2540; x_wconf 88' lang='lat' dir='ltr'><strong>in</strong></span> <span class='ocrx_word' id='word_1_124' title='bbox 1300 2491 1346 2561; x_wconf 81' lang='lat' dir='ltr'><strong>sy·</strong></span> 
     </span>
     <span class='ocr_line' id='line_1_19' title="bbox 306 2583 1345 2682; baseline -0.003 -28"><span class='ocrx_word' id='word_1_125' title='bbox 306 2585 399 2657; x_wconf 78' lang='lat' dir='ltr'><strong>nodo</strong></span> <span class='ocrx_word' id='word_1_126' title='bbox 421 2588 588 2657; x_wconf 84' lang='lat' dir='ltr'><strong>interesse</strong></span> <span class='ocrx_word' id='word_1_127' title='bbox 607 2584 746 2657; x_wconf 87' lang='lat' dir='ltr'><strong>debent.</strong></span> <span class='ocrx_word' id='word_1_128' title='bbox 769 2589 818 2656; x_wconf 87' lang='lat' dir='ltr'><strong>Et</strong></span> <span class='ocrx_word' id='word_1_129' title='bbox 830 2601 1032 2682; x_wconf 73' lang='lat' dir='ltr'><strong>praesentes</strong></span> <span class='ocrx_word' id='word_1_130' title='bbox 1057 2583 1109 2656; x_wconf 84' lang='lat' dir='ltr'><strong>ad</strong></span> <span class='ocrx_word' id='word_1_131' title='bbox 1127 2613 1199 2658; x_wconf 87' lang='lat' dir='ltr'><strong>sua</strong></span> <span class='ocrx_word' id='word_1_132' title='bbox 1223 2585 1345 2656; x_wconf 81' lang='lat' dir='ltr'><strong>nornirta</strong></span> 
     </span>
     <span class='ocr_line' id='line_1_20' title="bbox 305 2700 1345 2802; baseline -0.003 -31"><span class='ocrx_word' id='word_1_133' title='bbox 305 2719 463 2802; x_wconf 82' lang='lat' dir='ltr'><strong>snrgunt,</strong></span> <span class='ocrx_word' id='word_1_134' title='bbox 477 2719 512 2774; x_wconf 87' lang='lat' dir='ltr'><strong>et</strong></span> <span class='ocrx_word' id='word_1_135' title='bbox 526 2700 738 2799; x_wconf 83' lang='lat' dir='ltr'><strong>respondent</strong></span> <span class='ocrx_word' id='word_1_136' title='bbox 752 2702 906 2801; x_wconf 78' lang='lat' dir='ltr'><strong>singuli:</strong></span> <span class='ocrx_word' id='word_1_137' title='bbox 919 2701 1067 2774; x_wconf 76' lang='lat' dir='ltr'><strong>Acisum.</strong></span> <span class='ocrx_word' id='word_1_138' title='bbox 1090 2703 1268 2776; x_wconf 79' lang='lat' dir='ltr'><strong>Absentes</strong></span> <span class='ocrx_word' id='word_1_139' title='bbox 1280 2721 1345 2772; x_wconf 82' lang='lat' dir='ltr'><strong>nero</strong></span> 
     </span>
     <span class='ocr_line' id='line_1_21' title="bbox 306 2815 1343 2916; baseline -0.003 -29"><span class='ocrx_word' id='word_1_140' title='bbox 306 2834 485 2908; x_wconf 82' lang='lat' dir='ltr'><strong>notantur,</strong></span> <span class='ocrx_word' id='word_1_141' title='bbox 515 2833 635 2915; x_wconf 82' lang='lat' dir='ltr'><strong>etper</strong></span> <span class='ocrx_word' id='word_1_142' title='bbox 643 2819 857 2916; x_wconf 79' lang='lat' dir='ltr'><strong>pontificem</strong></span> <span class='ocrx_word' id='word_1_143' title='bbox 874 2815 995 2888; x_wconf 83' lang='lat' dir='ltr'><strong>debita</strong></span> <span class='ocrx_word' id='word_1_144' title='bbox 1008 2841 1122 2914; x_wconf 77' lang='lat' dir='ltr'><strong>paena</strong></span> <span class='ocrx_word' id='word_1_145' title='bbox 1138 2821 1343 2892; x_wconf 81' lang='lat' dir='ltr'><strong>mulctantur.</strong></span> 
     </span>
     <span class='ocr_line' id='line_1_22' title="bbox 305 2932 1346 3031; baseline -0.004 -26"><span class='ocrx_word' id='word_1_146' title='bbox 305 2939 458 3006; x_wconf 88' lang='lat' dir='ltr'><strong>Demnm</strong></span> <span class='ocrx_word' id='word_1_147' title='bbox 473 2933 654 3031; x_wconf 76' lang='lat' dir='ltr'><strong>pontifex,</strong></span> <span class='ocrx_word' id='word_1_148' title='bbox 673 2933 794 3005; x_wconf 84' lang='lat' dir='ltr'><strong>adlanc</strong></span> <span class='ocrx_word' id='word_1_149' title='bbox 808 2935 846 3003; x_wconf 83' lang='lat' dir='ltr'><strong>in</strong></span> <span class='ocrx_word' id='word_1_150' title='bbox 866 2932 951 3004; x_wconf 83' lang='lat' dir='ltr'><strong>sede</strong></span> <span class='ocrx_word' id='word_1_151' title='bbox 961 2933 1141 3031; x_wconf 72' lang='lat' dir='ltr'><strong>praedicta</strong></span> <span class='ocrx_word' id='word_1_152' title='bbox 1160 2959 1243 3008; x_wconf 82' lang='lat' dir='ltr'><strong>cana</strong></span> <span class='ocrx_word' id='word_1_153' title='bbox 1259 2933 1346 3004; x_wconf 81' lang='lat' dir='ltr'><strong>nritru</strong></span> 
     </span>
     <span class='ocr_line' id='line_1_23' title="bbox 305 3049 1347 3149; baseline -0.005 -30"><span class='ocrx_word' id='word_1_154' title='bbox 305 3050 448 3138; x_wconf 81' lang='lat' dir='ltr'><strong>sedens,</strong></span> <span class='ocrx_word' id='word_1_155' title='bbox 463 3049 647 3147; x_wconf 83' lang='lat' dir='ltr'><strong>siplaoet,</strong></span> <span class='ocrx_word' id='word_1_156' title='bbox 663 3065 895 3149; x_wconf 80' lang='lat' dir='ltr'><strong>congregator</strong></span> <span class='ocrx_word' id='word_1_157' title='bbox 909 3049 1081 3122; x_wconf 84' lang='lat' dir='ltr'><strong>admonet</strong></span> <span class='ocrx_word' id='word_1_158' title='bbox 1096 3069 1134 3124; x_wconf 84' lang='lat' dir='ltr'><strong>et</strong></span> <span class='ocrx_word' id='word_1_159' title='bbox 1158 3053 1347 3124; x_wconf 77' lang='lat' dir='ltr'><strong>exhortatur</strong></span> 
     </span>
     <span class='ocr_line' id='line_1_24' title="bbox 305 3164 806 3264; baseline 0 -29"><span class='ocrx_word' id='word_1_160' title='bbox 305 3164 371 3236; x_wconf 81' lang='lat' dir='ltr'><strong>stab</strong></span> <span class='ocrx_word' id='word_1_161' title='bbox 391 3165 596 3264; x_wconf 78' lang='lat' dir='ltr'><strong>hrp‘usmorli</strong></span> <span class='ocrx_word' id='word_1_162' title='bbox 615 3165 756 3236; x_wconf 79' lang='lat' dir='ltr'><strong>verbis:</strong></span> <span class='ocrx_word' id='word_1_163' title='bbox 803 3207 806 3214; x_wconf 65' lang='grc'><strong><em>«</em></strong></span> 
     </span>
    </p>

    <p class='ocr_par' dir='ltr' id='par_1_4' title="bbox 303 3283 1425 4328">
     <span class='ocr_line' id='line_1_25' title="bbox 355 3283 1345 3382; baseline -0.001 -30"><span class='ocrx_word' id='word_1_164' title='bbox 355 3287 490 3353; x_wconf 87' lang='lat' dir='ltr'><strong>Fratres</strong></span> <span class='ocrx_word' id='word_1_165' title='bbox 503 3283 710 3354; x_wconf 85' lang='lat' dir='ltr'><strong>dilectissimi</strong></span> <span class='ocrx_word' id='word_1_166' title='bbox 731 3299 765 3354; x_wconf 88' lang='lat' dir='ltr'><strong>et</strong></span> <span class='ocrx_word' id='word_1_167' title='bbox 784 3284 972 3354; x_wconf 84' lang='lat' dir='ltr'><strong>sacerdotes</strong></span> <span class='ocrx_word' id='word_1_168' title='bbox 991 3286 1148 3375; x_wconf 89' lang='lat' dir='ltr'><strong>Domini,</strong></span> <span class='ocrx_word' id='word_1_169' title='bbox 1170 3296 1345 3382; x_wconf 87' lang='lat' dir='ltr'><strong>cooperato</strong></span> 
     </span>
     <span class='ocr_line' id='line_1_26' title="bbox 307 3389 1425 3499; baseline -0.003 -30"><span class='ocrx_word' id='word_1_170' title='bbox 307 3423 361 3469; x_wconf 84' lang='lat' dir='ltr'><strong>res</strong></span> <span class='ocrx_word' id='word_1_171' title='bbox 382 3401 488 3470; x_wconf 85' lang='lat' dir='ltr'><strong>nostri</strong></span> <span class='ocrx_word' id='word_1_172' title='bbox 515 3389 643 3470; x_wconf 88' lang='lat' dir='ltr'><strong>ordinis</strong></span> <span class='ocrx_word' id='word_1_173' title='bbox 658 3403 749 3470; x_wconf 90' lang='lat' dir='ltr'><strong>estis.</strong></span> <span class='ocrx_word' id='word_1_174' title='bbox 769 3404 863 3491; x_wconf 87' lang='lat' dir='ltr'><strong>Nos,</strong></span> <span class='ocrx_word' id='word_1_175' title='bbox 892 3404 1046 3496; x_wconf 84' lang='lat' dir='ltr'><strong>quamvis</strong></span> <span class='ocrx_word' id='word_1_176' title='bbox 1073 3403 1229 3499; x_wconf 83' lang='lat' dir='ltr'><strong>indigni,</strong></span> <span class='ocrx_word' id='word_1_177' title='bbox 1253 3403 1344 3472; x_wconf 86' lang='lat' dir='ltr'><strong>locun</strong></span> <span class='ocrx_word' id='word_1_178' title='bbox 1424 3457 1425 3460; x_wconf 64' lang='grc'>,</span> 
     </span>
     <span class='ocr_line' id='line_1_27' title="bbox 306 3513 1342 3605; baseline -0.006 -19"><span class='ocrx_word' id='word_1_179' title='bbox 306 3519 420 3586; x_wconf 78' lang='lat' dir='ltr'><strong>Aaron</strong></span> <span class='ocrx_word' id='word_1_180' title='bbox 440 3530 611 3605; x_wconf 81' lang='lat' dir='ltr'><strong>tenemus,</strong></span> <span class='ocrx_word' id='word_1_181' title='bbox 631 3541 690 3586; x_wconf 90' lang='lat' dir='ltr'><strong>vos</strong></span> <span class='ocrx_word' id='word_1_182' title='bbox 710 3531 825 3588; x_wconf 85' lang='lat' dir='ltr'><strong>autern</strong></span> <span class='ocrx_word' id='word_1_183' title='bbox 847 3517 964 3589; x_wconf 90' lang='lat' dir='ltr'><strong>locum</strong></span> <span class='ocrx_word' id='word_1_184' title='bbox 985 3516 1137 3593; x_wconf 83' lang='lat' dir='ltr'><strong>Eleazari</strong></span> <span class='ocrx_word' id='word_1_185' title='bbox 1154 3536 1189 3590; x_wconf 91' lang='lat' dir='ltr'><strong>et</strong></span> <span class='ocrx_word' id='word_1_186' title='bbox 1212 3513 1342 3590; x_wconf 86' lang='lat' dir='ltr'><strong>ltamari.</strong></span> 
     </span>
     <span class='ocr_line' id='line_1_28' title="bbox 305 3631 1424 3730; baseline -0.004 -27"><span class='ocrx_word' id='word_1_187' title='bbox 305 3633 376 3703; x_wconf 84' lang='lat' dir='ltr'><strong>Nos</strong></span> <span class='ocrx_word' id='word_1_188' title='bbox 396 3634 466 3704; x_wconf 88' lang='lat' dir='ltr'><strong>viee</strong></span> <span class='ocrx_word' id='word_1_189' title='bbox 483 3633 663 3703; x_wconf 89' lang='lat' dir='ltr'><strong>duodecim</strong></span> <span class='ocrx_word' id='word_1_190' title='bbox 683 3634 915 3729; x_wconf 82' lang='lat' dir='ltr'><strong>apostolorum</strong></span> <span class='ocrx_word' id='word_1_191' title='bbox 935 3633 1128 3730; x_wconf 84' lang='lat' dir='ltr'><strong>fungimur,</strong></span> <span class='ocrx_word' id='word_1_192' title='bbox 1149 3661 1210 3705; x_wconf 86' lang='lat' dir='ltr'><strong>vos</strong></span> <span class='ocrx_word' id='word_1_193' title='bbox 1232 3634 1271 3704; x_wconf 92' lang='lat' dir='ltr'><strong>ad</strong></span> <span class='ocrx_word' id='word_1_194' title='bbox 1290 3631 1345 3700; x_wconf 83' lang='lat' dir='ltr'><strong>lor·</strong></span> <span class='ocrx_word' id='word_1_195' title='bbox 1423 3719 1424 3722; x_wconf 8' lang='grc' dir='ltr'><strong>Ἴ</strong></span> 
     </span>
     <span class='ocr_line' id='line_1_29' title="bbox 305 3742 1424 3847; baseline -0.005 -31"><span class='ocrx_word' id='word_1_196' title='bbox 305 3773 394 3817; x_wconf 86' lang='lat' dir='ltr'><strong>marn</strong></span> <span class='ocrx_word' id='word_1_197' title='bbox 409 3752 620 3846; x_wconf 85' lang='lat' dir='ltr'><strong>septuaginta</strong></span> <span class='ocrx_word' id='word_1_198' title='bbox 637 3749 882 3844; x_wconf 85' lang='lat' dir='ltr'><strong>discipulorum</strong></span> <span class='ocrx_word' id='word_1_199' title='bbox 897 3751 984 3820; x_wconf 87' lang='lat' dir='ltr'><strong>estis.</strong></span> <span class='ocrx_word' id='word_1_200' title='bbox 1004 3753 1076 3823; x_wconf 85' lang='lat' dir='ltr'><strong>Nos</strong></span> <span class='ocrx_word' id='word_1_201' title='bbox 1091 3765 1244 3847; x_wconf 86' lang='lat' dir='ltr'><strong>pastores</strong></span> <span class='ocrx_word' id='word_1_202' title='bbox 1261 3742 1344 3816; x_wconf 87' lang='lat' dir='ltr'><strong>vestri</strong></span> <span class='ocrx_word' id='word_1_203' title='bbox 1423 3793 1424 3802; x_wconf 32' lang='lat' dir='ltr'><strong>a</strong></span> 
     </span>
     <span class='ocr_line' id='line_1_30' title="bbox 305 3865 1345 3961; baseline -0.003 -27"><span class='ocrx_word' id='word_1_204' title='bbox 305 3889 440 3953; x_wconf 85' lang='lat' dir='ltr'><strong>sumus,</strong></span> <span class='ocrx_word' id='word_1_205' title='bbox 460 3882 653 3936; x_wconf 90' lang='lat' dir='ltr'><strong>vosautem</strong></span> <span class='ocrx_word' id='word_1_206' title='bbox 674 3882 825 3961; x_wconf 85' lang='lat' dir='ltr'><strong>pastores</strong></span> <span class='ocrx_word' id='word_1_207' title='bbox 845 3868 1036 3938; x_wconf 83' lang='lat' dir='ltr'><strong>animarum</strong></span> <span class='ocrx_word' id='word_1_208' title='bbox 1057 3869 1153 3938; x_wconf 89' lang='lat' dir='ltr'><strong>vobis</strong></span> <span class='ocrx_word' id='word_1_209' title='bbox 1172 3865 1345 3938; x_wconf 88' lang='lat' dir='ltr'><strong>commissa-</strong></span> 
     </span>
     <span class='ocr_line' id='line_1_31' title="bbox 305 3975 1345 4071; baseline -0.002 -21"><span class='ocrx_word' id='word_1_210' title='bbox 305 4005 392 4053; x_wconf 86' lang='lat' dir='ltr'><strong>rum.</strong></span> <span class='ocrx_word' id='word_1_211' title='bbox 416 3983 489 4054; x_wconf 88' lang='lat' dir='ltr'><strong>Nos</strong></span> <span class='ocrx_word' id='word_1_212' title='bbox 511 3981 554 4052; x_wconf 90' lang='lat' dir='ltr'><strong>de</strong></span> <span class='ocrx_word' id='word_1_213' title='bbox 576 3983 673 4052; x_wconf 88' lang='lat' dir='ltr'><strong>vobis</strong></span> <span class='ocrx_word' id='word_1_214' title='bbox 696 3984 863 4054; x_wconf 85' lang='lat' dir='ltr'><strong>rationem</strong></span> <span class='ocrx_word' id='word_1_215' title='bbox 887 3983 1052 4056; x_wconf 85' lang='lat' dir='ltr'><strong>reddituri</strong></span> <span class='ocrx_word' id='word_1_216' title='bbox 1079 4009 1217 4071; x_wconf 88' lang='lat' dir='ltr'><strong>smnus,</strong></span> <span class='ocrx_word' id='word_1_217' title='bbox 1241 4005 1294 4050; x_wconf 84' lang='lat' dir='ltr'><strong>ros</strong></span> <span class='ocrx_word' id='word_1_218' title='bbox 1313 3975 1345 4043; x_wconf 83' lang='lat' dir='ltr'><strong>de</strong></span> 
     </span>
     <span class='ocr_line' id='line_1_32' title="bbox 303 4092 1343 4191; baseline -0.008 -23"><span class='ocrx_word' id='word_1_219' title='bbox 303 4095 458 4191; x_wconf 83' lang='lat' dir='ltr'><strong>plebibus</strong></span> <span class='ocrx_word' id='word_1_220' title='bbox 481 4099 576 4169; x_wconf 86' lang='lat' dir='ltr'><strong>vobis</strong></span> <span class='ocrx_word' id='word_1_221' title='bbox 593 4098 852 4183; x_wconf 60' lang='lat' dir='ltr'><strong>commendatis»</strong></span> <span class='ocrx_word' id='word_1_222' title='bbox 881 4103 925 4172; x_wconf 91' lang='lat' dir='ltr'><strong>Et</strong></span> <span class='ocrx_word' id='word_1_223' title='bbox 943 4100 1038 4190; x_wconf 92' lang='lat' dir='ltr'><strong>ideo,</strong></span> <span class='ocrx_word' id='word_1_224' title='bbox 1068 4101 1193 4172; x_wconf 77' lang='lat' dir='ltr'><strong>fratres</strong></span> <span class='ocrx_word' id='word_1_225' title='bbox 1214 4092 1343 4168; x_wconf 87' lang='lat' dir='ltr'><strong>dilectis·</strong></span> 
     </span>
     <span class='ocr_line' id='line_1_33' title="bbox 304 4213 1422 4328; baseline -0.004 -46"><span class='ocrx_word' id='word_1_226' title='bbox 304 4213 398 4304; x_wconf 80' lang='lat' dir='ltr'><strong>simi,</strong></span> <span class='ocrx_word' id='word_1_227' title='bbox 417 4214 525 4286; x_wconf 86' lang='lat' dir='ltr'><strong>videte</strong></span> <span class='ocrx_word' id='word_1_228' title='bbox 546 4215 737 4312; x_wconf 85' lang='lat' dir='ltr'><strong>periculum</strong></span> <span class='ocrx_word' id='word_1_229' title='bbox 755 4230 916 4288; x_wconf 78' lang='lat' dir='ltr'><strong>vestrum.</strong></span> <span class='ocrx_word' id='word_1_230' title='bbox 935 4216 1169 4292; x_wconf 72' lang='lat' dir='ltr'><strong>Admonemus</strong></span> <span class='ocrx_word' id='word_1_231' title='bbox 1188 4216 1296 4309; x_wconf 85' lang='lat' dir='ltr'><strong>itaque</strong></span> <span class='ocrx_word' id='word_1_232' title='bbox 1310 4219 1338 4277; x_wconf 82' lang='lat' dir='ltr'><strong>et</strong></span> <span class='ocrx_word' id='word_1_233' title='bbox 1421 4315 1422 4328; x_wconf 10' lang='grc' dir='ltr'>ἵ</span> 
     </span>
    </p>
   </div>
   <div class='ocr_carea' id='block_1_3' title="bbox 0 0 1461 5038">
    <p class='ocr_par' dir='ltr' id='par_1_5' title="bbox 0 0 1461 5038">
     <span class='ocr_line' id='line_1_34' title="bbox 0 0 1461 5038; baseline 0 0"><span class='ocrx_word' id='word_1_234' title='bbox 0 0 1461 5038; x_wconf 95' lang='lat' dir='ltr'><strong> </strong></span> 
     </span>
    </p>
   </div>
  </div>
 </body>
</html>
