2804 5022
205 489 358 538 concisa
377 485 482 535 rnov.
502 479 751 534 manserunt
769 485 814 533 tn
830 487 859 533 s.
873 467 983 532 sites.
1062 461 1132 535 263

98 617 265 688 collection
275 618 331 685 des
348 613 496 684 conciles
519 608 560 683 de
581 613 706 699 blansi,
723 627 748 683 t.
764 617 846 705 XII,
861 641 896 710 p.
913 611 997 710 915.
1016 615 1133 704 Quant

12 757 14 812 l
98 735 215 804 lnotre
231 731 420 827 objet,ilse
432 731 541 800 borne
558 729 676 800 liciter
692 727 739 799 les
751 729 912 826 capitulas
929 727 1130 823 d’Hadrien,

96 849 193 944 quelle
205 875 273 944 que
288 851 353 919 solt
369 847 445 918 leur
459 847 603 944 origine,
617 865 751 918 commo
767 871 813 916 un
828 845 885 915 fait
902 871 969 916 non
986 849 1136 920 contesld

96 965 132 1033 du
148 961 227 1037 nure
246 964 361 1052 siecle,
381 977 415 1033 et
430 987 562 1034 comme
581 987 625 1032 un
645 977 846 1032 monument
864 986 943 1053 requ
961 987 1040 1032 avec
1063 977 1136 1034 tant
1183 950 1191 962 ⁹

96 1083 131 1151 de
147 1097 287 1178 respect,
305 1079 423 1176 qu'ila
443 1081 497 1149 e'td
521 1079 631 1149 insert
656 1105 697 1148 en
721 1077 847 1175 grande
863 1077 969 1174 partie
985 1077 1069 1149 dans
1088 1077 1134 1150 les

95 1197 295 1294 capitulaires
309 1197 352 1266 de
363 1221 425 1266 nos
439 1193 520 1267 rois.

12 1391 13 1410 ,
134 1315 203 1402 Or,
223 1313 311 1383 volcl
330 1335 368 1382 ce
384 1335 451 1406 que
465 1333 552 1380 nous
570 1335 591 1407 y
610 1307 712 1380 lisons
730 1307 961 1379 relativement
982 1310 1000 1380 ὲ
1019 1310 1051 1381 la
1070 1339 1138 1384 ma·

12 1411 13 1420 ³
97 1429 169 1500 tiene
188 1429 248 1525 qui
267 1450 522 1522 nousoccupe:

136 1547 215 1642 Cap.
237 1544 284 1616 3:
302 1542 452 1617 «Nullus
471 1541 645 1639 episcopus
661 1541 725 1610 nisi
743 1539 906 1610 canonice
929 1556 1086 1634 vocatus,
1104 1559 1138 1614 et

11 1645 13 1718 l
95 1663 311 1758 «inlegitima
329 1658 468 1755 synodo,
483 1683 544 1728 suo
563 1668 718 1754 tempore
734 1655 917 1753 apostolica
936 1662 1138 1732 auctoritate

97 1792 308 1848 «convocata
336 1777 412 1870 (cui
438 1775 589 1869 jussione
611 1775 751 1843 Domini
772 1789 805 1844 et
832 1775 961 1845 meritis
984 1779 1023 1846 B.
1048 1776 1137 1848 Petri

13 1886 14 1932 t
96 1895 279 1990 «apostoli,
299 1892 479 1988 singularis
501 1889 816 1988 congregandorum
836 1888 1057 1962 conciliorum
1077 1919 1138 1963 au·

95 2013 272 2099 uctoritas,
292 2023 327 2079 et
340 2021 532 2078 sanctorum
551 2032 720 2078 canonum
735 2032 774 2077 ac
794 2007 1064 2079 venerandorum
1079 2036 1139 2106 pa·

96 2143 208 2197 rtrum
228 2127 372 2196 decretis
388 2121 622 2220 multipliciter
633 2123 764 2219 privata
777 2123 900 2194 tradita
914 2140 964 2193 est
978 2125 1141 2222 potestas)

95 2270 217 2340 «super
250 2243 457 2340 quibuslibet
489 2243 687 2312 criminibus
715 2239 868 2337 pulsatus
896 2241 1054 2312 audiatur
1091 2238 1142 2314 vel

95 2365 335 2458 nimpetatur...
360 2360 533 2449 Quoniam
552 2357 670 2428 eadem
701 2357 795 2427 sedes
822 2372 967 2428 testante
988 2361 1140 2429 veritatis

97 2509 110 2542 a
123 2503 200 2549 voce
214 2481 399 2576 primatum
418 2475 584 2562 obtinuit,
606 2499 667 2544 nec
682 2473 790 2571 prima
808 2473 977 2543 diceretur
992 2475 1018 2543 si
1037 2474 1139 2544 aliam

97 2619 270 2691 «superse
293 2594 472 2663 haberet...
497 2593 683 2662 Primatum
709 2591 799 2659 enim
820 2616 887 2659 non
912 2590 1142 2685 synodalibus,

98 2715 177 2782 «aut
189 2712 360 2805 aliquibus
375 2707 577 2780 commentis
587 2707 711 2776 meruit
725 2705 906 2790 institutis,
921 2705 978 2775 sed
992 2709 1141 2779 Domino

99 2829 296 2926 «largiente,
317 2826 377 2920 qui
396 2826 443 2894 ait
466 2848 473 2892 :
492 2827 544 2893 Tu
564 2848 599 2893 es
617 2827 803 2894 Petrus...»
823 2821 1023 2919 (sirmond,
1039 2839 1063 2893 t.
1084 2827 1141 2914 II,

100 2969 128 3039 p.
151 2944 253 3040 ror.)

141 3061 222 3155 Cap.
245 3057 290 3128 23
307 3081 315 3125 ι
333 3083 350 3120 α
365 3055 498 3126 Placuit
510 3053 536 3124 si
552 3054 913 3150 episcopusaccusatus
928 3051 1146 3150 appellaverit

11 3235 12 3240 1
101 3181 317 3247 «Romanum
337 3171 553 3270 pontificem,
574 3169 607 3238 id
627 3169 843 3239 statuendum
862 3170 955 3265 quod
975 3173 1045 3266 ipse
1062 3197 1146 3242 ceu-

102 3295 270 3363 «suerit»
1150 3287 1153 3294 ’

135 3413 224 3505 'Cap
246 3413 292 3494 ba
310 3433 316 3475 :
332 3435 348 3470 a
363 3407 410 3474 Ut
431 3401 650 3499 provincialis
678 3402 826 3498 synodus
861 3419 1060 3474 retractetur
1088 3431 1147 3502 per

105 3527 269 3595 «vicarios
287 3520 431 3592 Romani
452 3517 640 3614 pontificis,
663 3519 690 3586 si
710 3517 781 3613 ipse
804 3517 1034 3589 decreverit.»

145 3641 222 3713 L'an
245 3639 335 3728 824,
357 3635 463 3706 Louis
481 3634 513 3703 le
533 3636 634 3704 Pieux
650 3635 772 3702 envoie
789 3649 831 3701 au
847 3657 932 3728 pape
955 3635 1094 3728 Eugbne
1117 3639 1148 3707 ΙΙ

107 3758 132 3828 le
149 3759 285 3830 resultat
315 3755 372 3824 des
398 3749 639 3823 deliberatione
664 3751 710 3820 du
737 3747 864 3819 concile
888 3751 945 3844 qni
976 3753 1090 3822 venuit
1108 3753 1149 3823 de

109 3901 137 3944 se
155 3879 239 3945 tenir
266 3872 408 3959 bParis,
438 3893 517 3938 avec
536 3866 568 3938 la
592 3867 789 3963 permission
814 3866 855 3935 de
878 3891 915 3936 ce
942 3892 1039 3964 pape,
1060 3895 1148 3965 pour

110 3993 213 4062 truiter
242 3991 272 4060 la
303 3987 461 4084 question
491 3983 535 4053 du
571 3983 661 4052 culto
687 3982 745 4051 des
773 3981 897 4080 images
924 3985 981 4077 qui
1014 3983 1151 4054 divisait

113 4105 187 4176 alors
199 4106 243 4176 les
256 4104 372 4202 eglises
387 4100 553 4171 d’Orient.
569 4101 668 4170 Voici
684 4124 729 4166 un
746 4099 865 4168 extrait
875 4097 917 4167 de
931 4111 1018 4168 cette
1035 4097 1149 4170 lettre:

152 4251 166 4285 a
180 4219 393 4292 sanctissimo
417 4241 455 4286 ac
476 4213 756 4287 reverendissimo
779 4214 905 4284 domno
919 4229 952 4284 et
968 4215 1001 4283 in
1017 4216 1152 4292 Christo
