2910 5038
485 425 488 432 ⁴
516 467 755 534 consuestis.
1091 459 1159 561 587

114 609 205 705 pacis
225 631 289 707 pro
314 625 457 682 nurnero
476 615 733 712 episcoporum,
753 613 932 704 abbatam,
949 609 1162 709 aliorumque
1219 703 1222 712 Δ

115 723 334 798 ecclesiastica
358 725 524 825 dignitate
550 729 775 827 fulgentium
800 732 880 800 item
897 755 961 828 pro
981 732 1161 818 canonicis,

116 843 272 914 ucetiam
293 867 357 942 pro
378 845 491 933 laicis,
515 847 541 917 si
563 847 623 943 qui
639 846 837 920 interfuturi
856 862 947 918 sunt.
970 843 1072 919 Sedes
1093 863 1162 917 mea

119 960 313 1056 tropolitani
338 961 560 1034 collocabitur
588 965 680 1062 apud
706 962 829 1050 altaro,
858 979 896 1034 ut
919 966 953 1034 iu
973 963 1164 1036 Pontilloeli

117 1075 274 1165 hessius,
294 1091 328 1148 et
350 1093 430 1150 anto
450 1081 569 1152 facicm
593 1083 697 1178 ipsius
721 1079 835 1151 sedilia
857 1081 1110 1177 episcoporum,
1129 1080 1165 1150 in

121 1215 237 1288 gyrum
246 1191 386 1283 ,deindo
397 1193 643 1294 conduplicant
657 1195 818 1267 sedilibus
831 1213 906 1293 post
917 1199 1093 1293 episcopos
1106 1219 1167 1267 aa·

120 1309 181 1378 teri
198 1312 432 1404 proximiores,
443 1311 493 1382 vel
506 1314 703 1383 remotiores
710 1329 775 1409 pro
785 1312 950 1408 graduum
962 1307 1167 1399 diversitate,

125 1435 162 1493 nt
183 1449 261 1496 mos
287 1425 430 1498 dicetur.
448 1431 488 1497 ln
508 1426 706 1500 dioecesanis
723 1451 803 1498 vero
817 1430 897 1524 quia
919 1449 989 1500 nou
1016 1428 1167 1496 interve-

120 1540 217 1608 niunt
231 1542 391 1638 episcopi,
404 1542 626 1640 disponentur
640 1543 832 1639 dignitates,
846 1559 879 1613 ot
896 1544 1050 1614 canonici
1066 1542 1168 1614 ecclo-
1231 1639 1233 1644 Ι

118 1656 171 1724 sisa
187 1655 388 1726 cathedralis
403 1661 513 1753 parati
530 1657 611 1729 llinc
631 1657 741 1734 indes
755 1658 916 1730 lateribus
932 1660 1092 1755 episcopi,
1113 1659 1167 1730 rel
1277 1712 1280 1721 -

119 1785 195 1840 anto
223 1774 442 1868 episcopum,
472 1774 720 1846 semicirculum
758 1775 931 1846 iacientes.
963 1773 1073 1845 Pridie
1094 1776 1176 1870 ejus·

119 1885 184 1956 diei
215 1911 285 1982 quo
316 1889 464 1984 synodus
498 1890 690 1961 inchoanda
719 1891 802 1979 erit,
838 1889 962 1960 debent
998 1905 1168 1985 campane

120 2002 264 2075 ecclesiae
288 2004 489 2076 cathedralis
513 2005 724 2102 aliarumque
747 2004 964 2076 ecclesiarum
990 2007 1025 2076 in
1050 2004 1168 2076 fldem

120 2103 410 2192 Ei'v'i'i'i'ii‘s'iiirum
427 2121 572 2196 solemni
586 2125 655 2193 ritu
672 2120 817 2219 pulsari,
841 2145 861 2194 a
883 2123 1002 2218 primis
1023 2123 1169 2218 vesperis

120 2252 300 2334 pertatem
321 2236 488 2324 diem,·ot
506 2241 578 2335 ipsa
596 2239 651 2308 dio
675 2238 828 2334 sequenti
854 2261 1033 2332 quousque
1056 2237 1168 2308 archi-

119 2355 295 2450 episcopus
314 2353 366 2423 vel
385 2355 562 2450 episcopus
586 2355 756 2450 ingressus
769 2351 874 2424 fuerit
886 2351 1073 2422 ecclesiam.
1090 2353 1169 2449 ipsa
1235 2355 1237 2359 ’

120 2468 174 2537 die
194 2468 420 2538 inchoationis
436 2466 569 2538 concilii
584 2487 717 2542 summo
731 2482 842 2556 matre,
858 2469 1070 2563 congregatis
1087 2470 1157 2564 epi·

119 2585 228 2679 scopis
249 2600 283 2654 et
311 2583 385 2654 aliis
405 2585 464 2680 qui
486 2583 630 2664 concilio
651 2585 809 2653 interesse
833 2582 980 2669 debent,
1005 2584 1040 2654 in
1061 2582 1165 2652 domo

117 2701 223 2794 ipsius
236 2698 502 2796 archiepiscopi,
522 2699 573 2770 vel
591 2699 657 2770 ello
675 2700 892 2770 convenienti
915 2698 1006 2788 loco,
1020 2700 1170 2796 episcopi

118 2816 252 2910 capient
266 2841 379 2885 sacros
395 2817 624 2912 paratus,ch
641 2830 690 2885 est
704 2838 806 2910 supra
822 2815 996 2886 rochetum
1011 2819 1166 2908 amictus,

120 2929 280 3026 pluvialia
305 2945 340 3000 et
356 2933 473 3002 mitras
494 2932 763 3029 auriphrygiatas
777 2930 980 3018 uniformos3
1000 2930 1167 3026 archiepi-

116 3071 239 3140 scopus
252 3071 331 3115 vero
350 3044 473 3117 concili
488 3046 668 3140 presidens
691 3046 831 3116 indutus
845 3047 910 3116 erit
925 3048 1063 3135 amictu,
1081 3045 1168 3136 alba,

117 3161 269 3257 cingulo,
284 3162 415 3232 stolset
427 3163 526 3232 mitra‘
544 3164 694 3258 pretiosa
709 3191 717 3233 :
733 3164 871 3234 abbates
889 3163 1059 3234 benedicti
1078 3164 1176 3258 paris

92 3263 95 3269 ¹
116 3293 169 3346 ter
186 3301 262 3346 cum
282 3276 486 3373 pluvialibus
500 3291 533 3346 et
553 3279 665 3348 mitris
678 3277 906 3376 simplicibus3
926 3279 1117 3374 dignitates,
1137 3289 1171 3350 ot

115 3393 272 3464 canonici
293 3391 512 3488 pluvialibus,
533 3393 678 3489 planetis
704 3410 738 3464 et
758 3394 947 3465 dalmaticis
974 3419 1037 3490 pro
1059 3394 1169 3488 quali-

115 3527 186 3584 tate
204 3511 331 3582 ordinis
344 3535 474 3599 sorum,
488 3526 527 3580 ut
536 3495 671 3580 dictum
686 3510 751 3581 fuit
765 3512 800 3580 in
816 3509 966 3606 capitulo
977 3509 1020 3580 de
1032 3510 1169 3582 Habitu

114 3629 276 3726 episcopi
298 3640 333 3698 et
356 3627 608 3698 canonicorum
627 3625 774 3696 adrem
799 3624 956 3696 diuinam
972 3623 1170 3722 pmoedeb·
1270 3615 1271 3618 ¹

114 3749 220 3818 tium.
243 3748 443 3816 Paramenta
466 3745 581 3814 omnia
600 3753 702 3814 erunt
721 3743 843 3814 coloris
861 3745 967 3814 rubri.
985 3745 1091 3815 ibunt
1109 3769 1168 3812 ou·

114 3879 186 3934 tem
203 3884 320 3932 omnes
334 3860 579 3957 supplicantes,
589 3860 838 3956 psallentesque
851 3857 1088 3958 processionali
1103 3861 1170 3930 ritu
1243 3869 1246 3875 ’

117 3995 226 4077 prout
247 3981 282 4049 in
305 3979 592 4074 processionibus,
609 4003 686 4073 que
705 3977 831 4048 litaniae
852 3979 1027 4066 dicuntur,
1050 3993 1088 4046 ut
1110 3997 1171 4047 suo

117 4098 198 4168 loco
223 4095 360 4181 dicitur,
383 4095 553 4191 campanis
578 4103 613 4164 et
631 4095 761 4191 organo
791 4094 826 4162 in
851 4092 988 4164 ecclesio
1009 4095 1171 4165 continuo

113 4209 344 4310 pulsantibus.
361 4211 500 4306 ‘Quibus
533 4211 691 4282 omnibus
723 4208 899 4282 ecclesiam
930 4210 1115 4304 ingressis,
1138 4224 1172 4279 et
