2806 5024
277 497 279 502 ,
301 403 369 496 160
441 461 444 470 =
651 427 835 494 nnuxrlnua
861 443 999 494 ranam.

296 605 313 640 a
332 599 408 651 rum
428 600 435 644 :
455 597 531 669 quae
545 597 623 644 cum
645 572 741 644 valde
759 572 865 644 aliena
877 573 1113 666 judicarentur
1135 595 1156 640 a
1180 569 1325 666 patribus,

296 721 313 756 a
333 690 442 761 soluta
461 691 739 785 congregatione,
756 687 859 759 dilata
878 705 959 760 sunt
976 691 1021 785 ,in
1040 691 1221 759 crastinum
1247 688 1335 760 dcci,

296 837 314 872 a
328 805 451 878 denda.
473 837 490 873 n
504 804 694 902 (Odespun,
716 831 749 899 p.
767 803 870 903 689.)

344 953 361 988 a
378 922 444 992 Die
464 919 508 992 16
530 921 679 992 octobris
700 917 844 1012 1624„
862 935 973 992 actum
995 919 1036 990 de
1053 919 1191 1017 prolatis
1205 920 1222 990 *a
1237 921 1276 989 D.
1293 918 1327 987 de

296 1069 314 1106 a
332 1038 469 1126 Pitard,
489 1037 676 1132 missusque
700 1059 719 1104 a
744 1049 841 1134 parte
859 1035 994 1106 concilii
1011 1038 1069 1131 qui
1090 1061 1166 1106 eum
1187 1036 1328 1129 exquire·

296 1183 314 1220 a
329 1167 379 1224 ret
396 1180 404 1224 ι
421 1153 476 1223 cui
498 1150 618 1222 deiude
638 1151 673 1220 in
693 1153 958 1248 congregatione
981 1153 1110 1249 privata
1130 1152 1272 1237 sistenti,
1292 1152 1327 1220 ab

295 1301 312 1336 a
327 1269 553 1340 illustrissimo
574 1267 836 1363 metropolitano
855 1284 1029 1340 ostensum
1046 1293 1149 1364 quarn
1164 1268 1258 1363 longe
1276 1268 1326 1336 ab·

294 1417 311 1452 a
327 1402 413 1456 esset
426 1409 445 1456 a
459 1409 542 1456 vero
559 1399 593 1454 et
608 1409 627 1454 a
642 1383 895 1454 definitionibus
906 1406 1086 1455 sacrorum
1102 1385 1326 1464 conciliorum

296 1501 479 1598 «proinde
504 1501 592 1571 hanc
621 1514 767 1570 mentem
789 1498 995 1595 deponeret,
1020 1516 1222 1596 curaretque
1243 1499 1327 1570 satis·

295 1618 441 1689 «facere
457 1617 492 1686 in
510 1617 775 1711 congregatione
797 1614 949 1710 publica;
972 1641 1011 1686 ea
1029 1641 1104 1712 quae
1120 1617 1270 1686 hesterna
1284 1615 1327 1682 rlie

293 1730 488 1804 «attulerat
513 1753 595 1800 sano
619 1729 706 1800 male
734 1729 864 1826 prolata
896 1747 1107 1820 retractaret,
1127 1731 1178 1802 vel
1204 1733 1248 1801 ita
1266 1755 1283 1800 a
1303 1754 1330 1798 sc

294 1881 310 1917 a
328 1851 417 1920 dicta
445 1830 625 1942 explicaret
653 1860 691 1916 ut
716 1842 752 1916 in
775 1848 901 1918 bonam
928 1864 1058 1944 partem
1082 1873 1101 1920 a
1132 1849 1279 1946 patribus
1303 1860 1330 1913 et

182 1988 186 1994 ⁴
294 1995 311 2032 a
329 1967 455 2036 caeteris
467 1964 745 2060 procuratoribus
766 1966 1011 2059 acciperentur.
1030 1969 1200 2036 Caeterum
1227 1964 1327 2033 conei-

294 2081 411 2151 ulium
440 2081 634 2150 existimare
657 2077 752 2150 nullo
775 2080 877 2149 modo
900 2104 977 2150 eum
1004 2083 1169 2177 cogitasse
1190 2093 1330 2177 proterve

286 2207 312 2263 'a
332 2197 459 2294 aliquid
485 2213 605 2268 eontra
631 2199 761 2293 praxim
784 2195 940 2268 Ecclesiae
964 2221 1182 2292 communem
1210 2195 1329 2280 moliri;
1376 2201 1390 2256 .’

293 2343 311 2380 a
331 2329 479 2386 attamen
493 2312 674 2385 concilium
689 2313 902 2384 decreturum
923 2339 1023 2409 super
1036 2314 1076 2384 iis
1089 2314 1157 2385 lroc
1170 2314 1266 2385 modo
1280 2343 1288 2384 ε

282 2481 286 2486 ,
343 2461 359 2498 κ
377 2435 486 2502 Sacro.
507 2431 718 2527 approbante
735 2429 899 2521 concilio,
915 2414 1065 2501 decretis
1085 2430 1196 2501 ultimi
1211 2426 1328 2500 concilii

291 2577 309 2613 a
326 2545 539 2643 provincialis
553 2545 804 2642 Burdigalensis
826 2547 1038 2636 inherentes,
1053 2549 1246 2642 opinionem
1262 2569 1330 2641 quo-

291 2693 308 2730 a
327 2663 494 2755 rumdam,
503 2664 561 2759 qui
572 2665 645 2734 ausi
660 2678 740 2733 sunt
753 2687 900 2734 asserere
913 2679 1033 2760 praeter
1047 2651 1225 2761 episcopos
1239 2686 1327 2759 quos·

215 2802 217 2804 ·
292 2807 308 2843 (ι
329 2779 408 2850 dam
431 2780 531 2852 etiam
553 2779 636 2849 alios
656 2779 780 2849 habere
796 2805 911 2850 vocem
940 2779 1119 2850 decisivam
1145 2781 1179 2850 in
1202 2776 1329 2850 concilio

290 2895 541 2990 «provinciali,
565 2911 603 2966 ut
625 2921 799 2966 erroneam
832 2895 1052 2990 judicamus:
1073 2898 1329 2992 quibuscumque

293 3039 309 3074 a
325 3011 486 3107 deinceps
507 3012 659 3082 eamdem
679 3037 883 3108 proponere,
899 3015 933 3082 in
952 2995 1173 3084 concionibui
1196 3016 1327 3109 agitare,

290 3156 307 3192 a
326 3126 446 3196 docere
464 3119 626 3197 etteirere
641 3129 901 3222 prohibentes.»
918 3128 1112 3226 (Odespun,
1134 3155 1168 3226 p.
1185 3127 1279 3226 690.)

339 3245 387 3312 Le
407 3241 573 3312 chanoine
587 3243 629 3314 dc
641 3244 758 3314 Pitard
776 3270 811 3315 se
828 3246 971 3316 soumit.

338 3361 466 3449 Quand
482 3363 588 3432 meme
607 3389 651 3432 on
669 3365 854 3433 trouverait
873 3363 957 3432 dans
977 3361 1167 3459 l'antiquite
1184 3361 1329 3460 quelques

290 3492 503 3548 monuments
519 3479 578 3573 qui
593 3479 826 3575 appuieraient
844 3479 874 3548 la
896 3477 1086 3574 pretention
1103 3480 1162 3552 des
1176 3480 1329 3574 chapitres

288 3617 330 3663 au
352 3607 427 3664 vote
452 3592 580 3681 de'cisif,
600 3593 622 3663 il
650 3608 702 3664 est
723 3596 850 3665 certain
872 3620 939 3691 que
962 3595 1044 3667 dans
1071 3596 1101 3666 le
1122 3597 1213 3667 droit
1232 3585 1328 3664 actual

287 3722 373 3777 cette
400 3708 614 3806 pre‘rogative
638 3709 778 3780 n’existe
804 3735 876 3805 pas.
899 3711 1033 3809 Depuis
1056 3710 1086 3781 la
1110 3710 1258 3781 decision
1280 3729 1329 3774 en·

270 3875 274 3882 .
287 3822 391 3920 voye‘e
404 3850 466 3920 par
479 3825 510 3895 le
521 3824 712 3921 saint-siege
725 3851 792 3895 aux
800 3829 898 3897 Pieres
912 3826 959 3896 du
973 3825 1103 3898 concile
1113 3825 1156 3895 de
1169 3831 1286 3898 Ronen
1295 3819 1328 3888 de

269 3991 273 4002 .
291 3936 395 4030 1581,
413 3965 459 4010 on
479 3965 522 4011 ne
538 3955 698 4012 trouvera
716 3967 775 4037 pas
795 3967 841 4012 un
859 3943 1032 4012 canoniste
1044 3942 1097 4013 'de
1117 3941 1262 4039 quelque
1276 3959 1327 4007 au·

271 4057 388 4127 *torite
402 4057 461 4151 qui
475 4081 517 4128 en
533 4083 661 4154 preune
677 4056 706 4127 la
722 4058 867 4130 defense.
880 4063 992 4130 Toute
1007 4059 1167 4132 tentative
1182 4051 1325 4130 nouvelle

287 4169 329 4244 de
350 4171 381 4246 la
401 4188 479 4275 part
501 4172 558 4248 des
580 4175 746 4276 chapitres
766 4199 856 4276 pour
869 4190 984 4250 entrer
1003 4174 1087 4250 dans
1100 4199 1149 4251 ‘ce
1166 4167 1324 4276 pre‘tendu
