2806 5024
228 493 428 538 remos-ass
446 455 658 540 conrosanr
675 487 718 538 ne
733 489 899 555 coactns,
914 491 990 540 erc.
1071 493 1137 570 ¹97

106 619 343 692 -Radbertus
368 621 505 693 abbas...
530 621 634 717 relegi
661 634 842 715 ratumque
869 619 1015 692 habui.»
1038 627 1141 694 Com·

105 751 186 806 ment
208 763 373 832 supposer
397 763 464 832 qne
490 737 537 808 ies
557 734 662 808 abbes
681 735 789 807 admis
809 735 892 806 ainsi
917 737 935 806 ὲ
954 738 1053 834 juger
1072 743 1140 812 etb

104 855 258 924 souscrire
280 880 410 925 comme
433 853 480 926 les
502 854 664 952 drewes,
682 869 716 923 et
743 853 1027 956 iinmediatement
1044 859 1141 952 apres

104 996 170 1059 eux,
192 970 318 1041 n'aient
336 995 395 1066 pas
411 997 453 1041 eu
470 969 500 1042 la
520 973 701 1068 prese'ance
719 995 777 1040 sur
792 984 869 1040 tons
889 968 936 1041 les
958 985 1070 1042 autres
1089 973 1140 1042 di·

103 1089 251 1182 gnitaires
272 1087 319 1156 du
336 1085 471 1184 cierge?

123 1203 385 1298 'La'signature
403 1203 460 1274 des
479 1202 580 1274 abbds
599 1203 708 1301 figure
737 1201 779 1273 de
803 1203 912 1272 meme
938 1203 1144 1276 immediate·

100 1315 182 1389 inent
197 1321 298 1414 apres
311 1317 393 1389 celle
412 1319 470 1389 des
486 1316 631 1415 deeques
647 1319 731 1389 dans
747 1318 777 1389 ic
796 1315 926 1388 concile
939 1317 981 1386 de
998 1322 1140 1391 Pontion

6 1453 7 1530 t
101 1435 237 1530 (diocese
252 1435 295 1505 de
310 1434 683 1532 Chdlons·snr·Marne)
696 1437 738 1506 de
759 1434 823 1506 l’an
845 1433 928 1532 876.

141 1551 219 1621 L’an
235 1549 360 1640 862,te
370 1551 500 1624 concile
516 1552 557 1622 de
570 1549 661 1624 Pitre
672 1552 1003 1649 (prbsRouen)nous
1015 1552 1142 1624 fournit

100 1693 140 1736 un
161 1682 366 1738 monument
385 1667 577 1739 semblable.

140 1785 225 1855 Mais
246 1781 368 1855 l'Orqu
387 1782 591 1856 celebrandi
609 1785 752 1856 concilii
773 1784 848 1881 qu'a
870 1785 958 1858 edite
976 1785 1007 1858 ie
1026 1803 1143 1888 savapt

6 1903 7 1906 ’
96 1899 254 1980 Martisue,
271 1898 400 1994 d’apres
418 1898 642 1971 lemanuscrit
656 1900 697 1970 de
714 1899 862 1997 l’abbaye
881 1903 922 1972 de
942 1903 1143 1972 Sunt-Mar·

100 2013 149 2084 nat
164 2016 204 2085 dc
221 2017 399 2110 Lirnoges,
417 2015 563 2085 suffimit
580 2039 667 2112 pour
684 2031 807 2086 mettre
824 2019 903 2088 hors
923 2018 964 2088 de
983 2019 1088 2090 doute
1110 2019 1141 2088 ia

99 2133 282 2226 possession
304 2131 350 2200 oia
366 2129 490 2202 etaient
505 2131 552 2202 les
566 2129 670 2202 abbds
686 2129 876 2230 iongtemps
892 2149 992 2206 avant
1015 2134 1045 2204 le
1064 2160 1143 2204 con·

99 2247 154 2318 cile
178 2248 221 2319 de
246 2249 372 2316 Trente
394 2247 435 2316 de
463 2248 550 2317 tenir
565 2245 596 2317 le
617 2249 761 2344 premier
781 2275 864 2346 rang
881 2252 977 2346 apres
996 2248 1042 2320 les
1065 2250 1143 2320 6νό-

99 2389 192 2458 ques:

141 2507 158 2545 a
172 2479 338 2552 Primitus
363 2480 545 2574 incipiente
567 2505 688 2550 aurora
708 2480 842 2551 missam
869 2481 1006 2551 audient
1024 2505 1141 2550 omnes

100 2595 256 2693 episcopi,
272 2595 392 2664 deinde
410 2593 615 2666 clarescente
632 2597 686 2667 die
703 2596 850 2666 induunt
864 2621 898 2666 se
915 2597 1024 2665 ornati
1043 2595 1142 2664 vesti·

99 2716 213 2784 mentis
226 2713 430 2808 cumcappis
444 2712 606 2806 romanis,
621 2725 655 2781 et
668 2716 901 2807 unusquisqne
920 2713 1048 2806 virgam
1065 2735 1141 2805 pas·

99 2829 234 2902 toraiem
253 2831 288 2898 in
306 2853 406 2897 mann
427 2841 544 2922 gestat,
560 2841 593 2897 et
609 2841 734 2897 exeunt
751 2827 841 2897 foras
856 2828 979 2896 ostium
1001 2823 1144 2896 basilice

6 2945 9 3032 “,
99 2943 381 3039 Sancti-Stephani
395 2941 435 3011 ad
449 2941 605 3032 claustra,
615 2956 648 3012 et
662 2941 776 3012 nuilus
791 2957 945 3020 remanet,
958 2943 990 3010 in
1007 2939 1143 3011 ecclesia

98 3078 213 3154 praeter
232 3061 390 3131 ostiarios
407 3074 440 3128 et
454 3058 608 3127 abbatem
616 3057 921 3129 Sancti-Martialis.
934 3061 1030 3128 Tunc
1040 3057 1144 3128 abbas

98 3175 215 3248 clamat
235 3177 351 3246 dicens
366 3171 585 3245 :Procedant
597 3174 871 3270 episcopi.Tunc
892 3175 1019 3244 intrent
1028 3199 1144 3242 omnes

98 3293 239 3390 episcopi
251 3291 407 3360 ordinate
410 3343 478 3360 ......
488 3287 1145 3383 Tuncprimaslemovicensis‚velimus

4 3419 5 3422 ’
98 3408 134 3477 de
149 3407 317 3504 episcopis
336 3409 390 3476 cui
416 3407 487 3502 ipsc
501 3405 656 3498 jusserit,
676 3407 786 3501 pergit
811 3406 852 3476 ed
877 3407 962 3475 ostia
982 3420 1015 3475 et
1037 3403 1141 3475 dicit:

100 3525 280 3596 Accedant
302 3522 462 3594 abbates.
493 3525 590 3592 Tunc
622 3522 751 3590 intrant
778 3521 916 3590 abbates
948 3547 1036 3590 tinus
1068 3536 1143 3614 post

3 3663 4 3718 j
99 3664 249 3711 unum...
271 3653 305 3708 et
328 3638 482 3708 abbatem
505 3635 801 3708 Sancti-Martialis
816 3636 913 3730 jubet
939 3636 1062 3730 primas
1082 3639 1144 3705 Le·

98 3757 293 3827 moricensis
307 3755 403 3851 juxta
422 3779 457 3824 se
480 3755 513 3822 in
528 3752 598 3821 alia
620 3752 778 3822 cathedra
803 3749 916 3820 sedere
937 3752 970 3820 in
992 3751 1062 3845 ipsa
1086 3777 1143 3820 co·

100 3897 177 3944 rona
197 3876 447 3969 episcoporum.
482 3868 574 3940 Alios
599 3867 743 3939 abbates·
760 3867 840 3938 sacit
863 3867 975 3937 sedere
990 3869 1142 3937 Lemovi-

3 4019 4 4056 i
101 3991 201 4058 censis
231 4003 332 4084 prout
369 3985 583 4082 disposuerit.
616 3987 712 4056 Tunc
739 3985 836 4081 jobet
869 3984 1145 4056 archidiaconum

3 4143 4 4186 3
102 4126 236 4199 pergere
268 4104 308 4173 ad
340 4106 464 4174 ostium
494 4116 527 4171 et
558 4101 669 4172 dicere
689 4099 910 4173 :Procedant
934 4099 1142 4198 presbyteri.

3 4209 4 4216 ἵ
102 4219 193 4289 Tunc
212 4217 271 4290 soli
293 4219 478 4314 presbyteri
498 4220 682 4288 introeunt.
699 4218 830 4288 Deinde
845 4218 985 4312 jubente
998 4217 1145 4311 primate
