2804 5022
189 408 979 474 'coucrunrnoursnnarronrsus.s1n'cr.
1055 401 1126 475 303

88 553 187 650 tique,
202 579 237 626 se
247 554 374 651 joignit
389 579 456 626 aux
469 553 548 650 cinq
562 555 795 646 mecontents3
814 569 849 626 et
864 553 896 628 la
910 553 1037 628 fection
1051 581 1128 651 pro·
1190 561 1192 568 ’

86 669 175 742 litant
196 670 238 743 de
253 668 419 745 l'abscnce
436 670 479 741 de
497 671 586 741 saint
599 671 764 767 Cyprien‚
783 695 850 766 que
863 669 894 742 la
912 671 1127 768 persecution

85 788 167 860 avait
185 787 279 860 force
305 788 347 859 de
367 789 471 860 sortir
494 787 537 858 de
558 787 742 884 Carthago,
764 787 804 858 fit
824 789 921 859 venir
939 789 1022 860 dans
1040 802 1128 860 cette

85 903 155 976 ville
167 903 331 1000 quelques
341 905 485 1000 eleques
497 903 771 1002 precedemment
781 905 987 976 condemnes
996 929 1127 976 comme

84 1020 288 1116 heretiques,
308 1037 342 1092 et
357 1037 477 1092 tenant
496 1047 578 1094 avec
594 1046 660 1092 eux
677 1045 725 1092 un
738 1019 918 1094 simulacre
930 1020 972 1094 tle
985 1020 1127 1111 concile,
1167 1021 1170 1028 ’

5 1183 6 1228 p
84 1137 118 1208 ils
135 1138 339 1236 deposerent
358 1139 445 1210 saint
467 1139 635 1236 Cyprien,
659 1135 795 1208 elurent
814 1163 857 1208 en
880 1165 916 1210 sa
934 1137 1029 1235 place
1046 1124 1129 1210 ¹For·

84 1270 191 1344 tunat‚
209 1253 281 1326 l’un
300 1254 358 1325 des
375 1255 453 1349 cinq
482 1255 613 1350 pretres
632 1252 675 1324 de
698 1251 731 1324 la
751 1252 901 1342 fection,
921 1269 956 1325 et
977 1252 1007 1323 le
1025 1255 1127 1326 firent

84 1395 254 1444 consacrer
278 1397 341 1468 par
363 1370 432 1442 l’un
449 1369 507 1443 des
532 1371 677 1466 eseques
703 1367 908 1465 heretiques.
935 1371 1032 1442 Saint
1060 1375 1127 1467 Cy-

83 1488 175 1584 prien
193 1487 385 1560 condemna
401 1485 657 1584 synodalement
671 1501 767 1562 toute
784 1501 872 1559 cette
886 1486 1026 1560 fection.
1041 1488 1129 1558 Mais

6 1591 7 1632 l
82 1609 244 1677 Fortunat
258 1620 421 1676 recourut
437 1629 482 1676 au
498 1628 584 1700 pape
599 1601 784 1694 Corneille,
800 1618 834 1676 et
846 1602 895 1674 lui
911 1629 1043 1700 envoya
1061 1628 1129 1675 unc

82 1719 276 1816 deputation
297 1721 316 1792 t
336 1719 368 1792 la
383 1721 450 1792 tete
465 1718 507 1790 de
524 1718 669 1814 laquelle
691 1744 727 1790 se
745 1721 894 1791 trouvait
911 1719 1125 1794 Felicissime.

81 1841 218 1908 Comme
236 1863 290 1910 ces
307 1837 454 1908 factieux
478 1837 689 1930 menapaient
714 1812 833 1907 d’laller
855 1852 978 1908 mettre
1000 1837 1019 1908 a
1040 1849 1130 1908 mort

6 1993 7 2026 t
80 1954 165 2024 saint
185 1955 334 2052 Cyprien
354 1955 381 2024 si
405 1980 449 2024 on
478 1953 620 2025 refuseit
644 1952 686 2023 de
710 1951 758 2024 les
778 1954 963 2044 entendre,
991 1951 1023 2024 le
1042 1979 1129 2050 pape

6 2117 7 2120 =
80 2073 245 2144 Corneille
260 2098 303 2142 ne
319 2090 397 2144 erut
411 2099 471 2168 pas
489 2071 606 2143 devoir
628 2069 676 2142 les
694 2071 932 2170 repousser·dc
953 2073 1053 2142 suite.
1076 2077 1130 2144 De

81 2185 108 2270 l'a
130 2188 160 2259 le
185 2193 495 2262 mecoutentement
520 2189 562 2260 de
583 2190 672 2260 saint
695 2190 844 2285 Cyprien
865 2205 900 2260 et
919 2215 955 2260 sa
979 2190 1128 2262 tamense

82 2301 187 2394 lettre,
209 2331 276 2402 qne
305 2305 352 2378 les
376 2306 581 2378 adversaires
609 2305 655 2376 du
683 2305 774 2378 droit
801 2304 936 2403 d’appel
959 2306 1035 2377 font
1054 2323 1129 2380 tant

82 2418 192 2492 valoir.
213 2426 264 2492 La
281 2422 391 2492 voici:

124 2541 233 2608 «Post
259 2538 321 2609 ista
352 2537 462 2608 adhuc
491 2538 632 2633 insuper
659 2535 1058 2635 pseudo-episcopo'sibi
1084 2537 1128 2610 ab

82 2653 272 2723 «hereticis
290 2655 478 2724 constituto
505 2654 665 2749 navigare
684 2652 825 2739 audent,
845 2668 879 2724 ct
897 2653 940 2726 ad
958 2653 1051 2724 Petri
1074 2679 1131 2725 ca·

82 2771 262 2842 «thedram
280 2787 384 2867 atque
401 2772 444 2842 ad
460 2770 646 2844 Ecclesiam
665 2770 889 2870 principalem
909 2771 999 2841 unde
1017 2771 1129 2842 unitas

81 2889 324 2960 «sacerdotalis
346 2904 464 2960 exorta
490 2904 561 2980 est,
593 2915 612 2960 a
638 2888 858 2960 schismaticis
886 2904 921 2958 et
941 2888 1153 2985 prophanis·

82 3002 235 3076 «litteras
255 3005 365 3095 serre,
382 3031 445 3076 nec
461 3007 611 3101 cogitare
624 3031 682 3076 eos
704 3031 773 3076 esse
789 3010 960 3078 Romanos
979 3004 1021 3075 ad
1042 3030 1129 3099 quos

82 3147 96 3181 a
109 3122 246 3215 perfidia
265 3123 392 3192 hahere
402 3149 471 3192 non
485 3124 592 3220 possit
606 3147 789 3196 accessum.
801 3125 887 3214 Quae
900 3137 1015 3194 autem
1028 3148 1128 3194 causa

82 3239 263 3310 «veniendi
289 3255 324 3309 et
352 3239 696 3336 pseudo-episcopum
717 3255 838 3310 contra
864 3241 1039 3336 episcopos
1062 3239 1128 3312 fac·

82 3369 178 3426 otum
200 3355 403 3428 nuntiandi?
424 3359 490 3428 tlut
512 3359 603 3427 enim
623 3355 733 3452 placet
760 3355 825 3428 illis
848 3357 940 3453 quod
974 3356 1129 3430 fecerunt

82 3487 143 3540 ret
160 3475 192 3543 in
213 3499 274 3544 suo
299 3473 423 3544 scelere
447 3489 684 3568 perseverant,
712 3489 777 3554 aut
798 3476 826 3544 si
846 3472 1001 3570 displicet
1025 3490 1059 3544 ct
1081 3499 1129 3544 re·
1203 3473 1206 3480 ’

83 3589 252 3680 «cedunt,
275 3591 386 3662 sciunt
407 3615 476 3684 quo
495 3605 722 3660 revertantur.
746 3593 834 3661 Nam
862 3614 939 3658 com
958 3602 1127 3658 statutum

84 3704 152 3774 «sit
169 3707 327 3778 omnibus
346 3708 462 3798 uobis,
482 3722 517 3778 et
531 3729 667 3802 aequum
684 3707 727 3776 sit
744 3705 872 3801 pariter
889 3721 924 3776 ct
938 3702 1070 3798 justum
1090 3719 1129 3774 ut

81 3822 369 3919 «uniuscujusque
389 3849 486 3894 causo
503 3822 573 3894 illic
592 3813 755 3894 audiatur
766 3821 822 3891 ubi
839 3836 889 3891 cst
908 3822 1040 3891 crimen
1064 3821 1125 3890 ad·

84 3935 266 4029 «missum,
290 3954 325 4009 et
345 3937 484 4035 singulis
506 3941 700 4035 pastoribus
727 3939 841 4033 portio
866 3924 977 4034 gregis
999 3938 1043 4008 sit
1068 3935 1153 4006 ad·-

86 4054 232 4149 «scripta
251 4079 353 4152 quam
373 4071 470 4152 regat
494 4057 729 4153 unusquisque
754 4071 788 4126 et
820 4053 1004 4152 gubernet,
1028 4055 1130 4126 ratio·

86 4190 188 4240 «nem
207 4173 259 4244 sui
272 4189 369 4256 actus
381 4172 531 4244 Domino
552 4171 766 4261 redditurus,
780 4185 917 4267 oportet
933 4172 1051 4266 utique
1071 4197 1129 4244 eos
