2804 5022
189 485 336 534 concur.
355 485 457 532 raov.
478 485 548 532 oen
568 485 729 534 serroru-
745 483 791 532 eu
813 485 841 533 s.
852 471 964 534 sitos.
1044 462 1115 558 269

87 610 175 705 reque
200 611 241 682 de
262 613 388 682 Reims.
416 615 512 684 Cettc
540 613 777 684 confirmation
801 593 848 682 tui
872 613 962 683 avait
988 609 1042 684 etti
1060 611 1117 682 de·

86 725 221 820 inandee,
253 741 288 796 ct
314 726 360 798 les
380 741 470 798 actes
489 728 534 800 du
564 728 693 800 concile
715 728 763 800 lui
788 729 922 799 avaient
953 730 1007 815 ete
1036 753 1115 798 sou·

85 843 143 912 nis.
159 843 185 914 ll
206 833 314 932 suffit,
332 869 420 940 pour
441 843 471 914 le
488 869 651 941 promer,
670 846 712 916 de
730 847 815 916 citer
837 844 868 915 ie
886 871 1027 942 passage
1046 845 1116 916 sui-

84 973 149 1029 vant
164 959 202 1030 de
220 958 253 1030 la
272 957 438 1031 decretale
458 961 500 1032 de
521 987 559 1032 ce
576 987 685 1058 pape:

7 1145 8 1148 ,
121 1077 341 1173 «synodique
364 1093 497 1148 textum
520 1079 713 1148 imminenti
737 1078 943 1150 ventilantes
962 1080 1112 1168 intuitu,

7 1239 8 1258 .
83 1191 234 1290 «ejusque
248 1210 344 1266 actus
357 1219 458 1290 quam
470 1196 559 1291 apud
575 1195 765 1267 suessionis
778 1195 949 1266 civitatem
967 1211 1023 1264 tua
1037 1195 1115 1266 bea·

82 1309 207 1381 «titudo
229 1311 360 1381 studuit
377 1311 594 1383 celebrare...
626 1338 701 1406 quae
720 1309 762 1382 ad
783 1308 974 1407 profectum
994 1327 1116 1382 sancto
1165 1361 1166 1366 κ

82 1444 285 1499 «noscuntur
296 1428 470 1520 Ecclesiae,
483 1430 547 1526 piis
562 1429 959 1500 auctoritatibusstetuta
974 1429 1117 1497 sancita·

83 1568 164 1638 tque
180 1547 383 1642 reperimus.
406 1535 486 1618 Haec
506 1562 703 1634 cernentes,
720 1546 762 1616 ad
780 1571 818 1618 ee
837 1571 910 1644 quae
927 1546 1022 1641 cupis
1042 1545 1116 1614 nui·

7 1661 9 1734 i
82 1657 227 1734 itatenus
244 1689 307 1734 nos
325 1663 489 1734 inclinare
503 1664 741 1760 ambigimus...
759 1662 984 1732 Definitiories
1003 1661 1118 1732 frater·

81 1763 341 1852 «nitaris'tuae...
363 1796 494 1854 ratas...
513 1805 651 1850 manere
676 1780 899 1850 statuimus.»
916 1777 1113 1874 (sirmond,

8 1887 9 1890 ‘
82 1895 355 1992 i.111‚p.1uo.)
1139 1881 1142 1886 ’

9 1987 10 2006 ¹
119 2011 197 2082 L'an
225 2011 308 2100 863,
332 2011 469 2086 Nicolas
497 2005 545 2083 1⁰¹
561 2013 728 2086 confirma
758 2013 842 2086 ainsi
868 2011 897 2081 ie
920 2010 1050 2082 concite
1075 2012 1116 2081 de

81 2126 231 2220 Soissous,
253 2127 386 2200 celibre‘
405 2129 462 2199 dix
481 2156 541 2201 aus
565 2145 794 2227 supererant:

118 2247 236 2336 «Quia
257 2243 392 2318 dilectio
411 2262 479 2318 tua
500 2247 548 2344 (il
568 2249 652 2318 ecrit
674 2248 691 2317 it
716 2249 888 2332 Hiucmar‚
908 2247 1118 2340 archevetpue

80 2361 139 2430 «do
160 2363 309 2460 Reiins),
332 2389 476 2459 sequeus
494 2365 648 2435 instituta
669 2365 858 2458 majorum,
882 2389 918 2432 ea
938 2389 1013 2457 quae
1038 2389 1117 2460 pos·

80 2505 92 2538 i
106 2492 180 2547 sunt
201 2478 348 2575 aliquam
368 2480 516 2575 recipere
541 2481 781 2576 questionem,
809 2478 852 2548 ad
878 2503 938 2547 nos
959 2479 1054 2571 quasi
1075 2477 1116 2546 ad

80 2612 201 2692 «caput
219 2611 253 2666 et
270 2597 400 2693 apicem
420 2600 635 2694 episcopatus
654 2596 779 2666 referre
793 2593 1030 2689 episcopaliter
1048 2607 1117 2663 stu-

7 2749 8 2754 *
81 2711 364 2809 «duit(quodnos
383 2712 529 2784 libenter
543 2713 751 2809 accepimus,
770 2711 850 2808 quia
871 2711 950 2779 hinc
968 2708 1119 2778 dilectio·

80 2825 1115 2925 tnumtuammemoremcanonuuscomprobamus)‚synodum

81 2967 93 3001 ιι
106 2941 190 3014 iliam
209 2971 322 3042 quaesa
342 2962 375 3016 te
394 2963 428 3018 et
449 2949 577 3018 caeteris
595 2943 843 3016 venerabilibus
860 2943 1118 3040 archiepiscopis
1200 3032 1203 3037 ,

84 3075 201 3156 imque
220 3063 386 3159 episcopis
408 3064 441 3134 in
458 3063 543 3133 urbe
561 3064 779 3134 Suessionum
801 3085 891 3131 antro
914 3059 1119 3128 iucarnatio—

82 3202 96 3236 (ε
110 3177 154 3246 nis
166 3177 343 3250 dominicae
352 3177 424 3252 853
434 3180 543 3251 fuerat
556 3178 736 3266 celebrata,
745 3192 778 3246 et
792 3203 810 3246 a
822 3177 1118 3246 decessorenostro

83 3292 207 3365 «beatae
227 3297 398 3366 memoriae
424 3295 606 3366 Benedicto
627 3319 715 3392 papa
733 3309 783 3364 est
799 3294 1012 3380 confirmata,
1032 3293 1117 3362 sieut

84 3407 187 3480 iidem
207 3429 330 3483 sanotae
350 3411 594 3481 recordationis
608 3411 762 3505 pontifex
777 3409 1009 3495 confirmarit,
1026 3409 1119 3477 itaet

85 3549 97 3582 s
110 3551 162 3594 nos
175 3526 265 3596 iiiam
278 3527 511 3598 confirmatam
524 3545 557 3597 et
569 3523 834 3621 irrefragabiiem
848 3523 1031 3620 apostolica
1045 3547 1120 3592 auc·

86 3667 98 3700 t
112 3643 475 3729 toritate'decernimns,
492 3642 583 3713 salvo
597 3658 710 3714 tamen
725 3645 886 3712 Romanae
900 3639 986 3710 sedis
1000 3639 1035 3706 in
1049 3662 1119 3707 om·

84 3758 199 3830 ‹tnibns
215 3767 311 3855 jussu
330 3773 434 3857 atque
459 3760 602 3854 judicio.
628 3757 875 3852 »(Bulinrium
901 3757 998 3826 Rom.
1014 3803 1023 3839 ‚
1040 3766 1064 3824 t.
1082 3756 1116 3840 Ι,

88 3895 115 3963 r·
139 3877 238 3973 et)

126 3993 168 4059 Le
189 3993 297 4062 meme
318 4017 404 4088 pape
431 3989 515 4061 icrit
535 3990 621 4060 ainsi
647 3991 666 4060 a
690 3988 886 4083 l’empereur
915 3984 1057 4073 michel,
1077 4009 1119 4056 au

90 4103 161 4196 sujet
182 4107 226 4178 du
247 4106 376 4203 synode
392 4104 432 4176 de
449 4104 750 4199 Constantinople,
768 4104 826 4197 qui
843 4104 931 4172 avait
951 4099 1072 4198 diipiosi
1092 4100 1120 4170 le
