2844 5028
280 481 501 546 ontanuious
524 499 572 545 nu
592 499 742 548 cunctus
762 501 885 564 enon,
904 504 977 549 stc.
1085 481 1156 570 485
1226 541 1232 554 .

108 647 190 709 tuan,
205 627 415 722 archcveque
431 627 471 697 de
491 628 623 719 Reims,
639 631 696 724 qui
717 632 806 700 avait
823 655 866 700 eu
883 654 1021 703 necouns
1036 633 1061 703 ὲ·
1072 650 1160 703 cette

107 764 238 812 excuse.
893 734 896 738 ¹

153 862 239 928 «An
263 859 391 954 majona
422 862 558 956 negotia
587 885 704 932 causas
732 861 936 933 inferio'num
955 863 1159 936 clericorum

106 1003 122 1038 ι(
138 999 210 1044 esse
231 977 420 1071 conjicitis,
444 992 483 1047 ut
501 979 625 1047 liceum
650 1003 766 1048 causas
793 979 910 1067 uobis,
935 995 968 1050 et
988 983 1168 1079 episcopo-¹

105 1117 215 1162 urum
244 1093 341 1163 vobis
368 1095 504 1190 negotia
534 1080 714 1166 tribuatis?
739 1097 964 1186 Quamvis·et
993 1099 1164 1170 inferioris

105 1208 264 1302 «gradus
281 1208 482 1280 clericorum
503 1235 620 1282 causas
642 1211 735 1308 apud
758 1237 840 1301 uos,
858 1237 935 1282 cum
956 1228 1092 1310 tempus
1109 1216 1163 1288 vel

104 1353 119 1389 a
136 1351 189 1396 res
218 1309 382 1422 exegerit,
413 1351 483 1396 esse
502 1328 667 1398 finiendas
698 1353 716 1397 e
743 1328 877 1398 diverso
907 1329 1027 1424 procul
1061 1331 1166 1402 dubio

104 1422 355 1536 icoiiigamus,
377 1445 465 1513 sicut
486 1448 520 1514 Β.
540 1469 628 1540 papa
646 1444 729 1514 dicit
755 1446 1000 1515 Innocentius:
1019 1447 1061 1515 Si
1082 1472 1165 1544 quoe

103 1587 120 1621 u
135 1575 254 1628 nutem
274 1583 393 1630 causoe
404 1561 470 1631 vel
483 1563 723 1661 cuntenn'unes
739 1562 833 1631 inter
845 1561 991 1632 clericos
1010 1579 1084 1632 tum
1103 1589 1164 1633 su·

27 1687 30 1694 ’
102 1703 119 1737 «
129 1675 284 1769 perionis
304 1675 437 1746 ordinis
450 1701 557 1774 quum
573 1675 754 1771 infameris
771 1678 880 1748 etiam
895 1675 1040 1772 fuciunt
1056 1705 1164 1749 exor-

102 1819 118 1853 «
135 1805 193 1878 toe,
204 1807 244 1860 ut
252 1789 443 1862 secundum
451 1790 623 1888 synodzuu
637 1794 824 1863 Nicoenum
836 1817 1009 1893 congrega
1014 1796 1060 1864 tis
1073 1793 1163 1891 ejus·

102 1905 213 1976 «dem
241 1908 437 2002 provinciae
470 1909 646 2004 episcopis
658 1907 821 2006 jurgium
850 1911 1082 1980 terminetur:
1098 1936 1163 1982 nec

101 2051 117 2086 a
134 2022 247 2093 alicui
260 2023 378 2112 liceat,
394 2025 471 2094 sine
483 2023 697 2121 praejudicio
714 2039 834 2094 tamen
849 2029 1019 2096 Romame
1033 2027 1161 2099 Eccle-

101 2168 118 2203 α
132 2142 218 2228 sice,
236 2139 369 2210 relictis
391 2139 448 2210 lu's
469 2138 713 2212 sacerdotibus
737 2143 856 2238 quiin
875 2139 998 2212 eadem
1015 2148 1169 2240 pruvin-¹

102 2283 119 2318 a
135 2257 194 2325 cia
218 2255 288 2324 Dei
306 2254 509 2326 Ecclesiam
524 2272 612 2326 nutu
626 2253 743 2326 divano
756 2255 977 2356 gubernant,
1003 2259 1056 2329 ad
1072 2261 1166 2331 alias

101 2401 117 2436 (ι
132 2370 316 2442 convolare
326 2373 576 2467 pmuincius...

148 2517 166 2552 «
183 2487 302 2558 Adhuc
317 2503 430 2558 tamen
445 2489 637 2584 percontari
655 2503 796 2582 propter
813 2491 1041 2560 contentiosos
1060 2489 1168 2580 libet,

97 2635 114 2670 a
131 2629 287 2698 quaenam
304 2604 431 2699 judicia
450 2604 503 2674 vel
518 2628 663 2698 quonum
684 2629 755 2674 esse
772 2606 900 2701 majona
923 2608 1057 2702 negotia
1077 2608 1160 2703 pnae'-

96 2751 113 2785 «
131 2720 269 2808 dicatis,
296 2721 324 2790 si
352 2722 588 2815 episcoporum
620 2746 736 2792 causas
768 2747 838 2790 non
867 2725 958 2792 inter
987 2726 1159 2820 praecipua

95 2868 113 2903 α
130 2838 338 2932 computatis
351 2837 508 2933 negotia?
524 2839 576 2907 An
597 2836 760 2907 laicorum
782 2853 815 2941 et
831 2837 1021 2934 vulgarium
1045 2866 1168 2936 popu-¹

94 2985 112 3020 a
130 2953 243 3024 lorum
254 2953 381 3048 judicia
402 2955 491 3023 inter
506 2955 635 3048 majora
653 2957 790 3052 negotia
807 2957 953 3050 ponitis,
969 2981 1055 3050 quos
1073 2983 1159 3053 pene

94 3101 112 3137 «
130 3069 286 3165 qnotidie
302 3095 378 3141 cnm
400 3071 517 3140 vesteis
538 3085 572 3140 et
588 3073 661 3141 sine
676 3073 795 3142 vestiis
814 3072 962 3172 epistolis
981 3074 1022 3143 ad
1043 3074 1157 3146 discu-

95 3218 113 3254 «
133 3188 268 3257 tiendus
296 3203 329 3256 et
352 3187 558 3281 judicandos
584 3189 805 3284 suscipimus,
839 3204 873 3259 et
907 3190 1074 3261 discussos
1104 3192 1157 3263 vel

93 3337 111 3371 u
125 3305 298 3400 judicatos
311 3301 363 3374 vei
379 3303 552 3374 absolutos
568 3305 780 3376 dimittimus.
796 3336 813 3371 u
828 3306 1029 3403 (sirmond,
1050 3324 1075 3379 t.
1090 3313 1157 3399 ΙΙΙ,

93 3450 129 3518 p.
153 3418 257 3516 262.)

146 3541 197 3608 En
221 3540 314 3628 404,
332 3537 364 3607 le
385 3564 470 3634 pape
483 3543 650 3610 Innocent
663 3537 712 3608 Ier
725 3539 863 3608 scrivait
884 3539 902 3608 a
920 3539 1081 3625 Victrice,
1102 3567 1155 3611 an-

92 3657 267 3751 eheveque
297 3655 337 3723 de
359 3659 503 3726 Rouen:
529 3685 546 3721 ε(
572 3656 608 3727 si
634 3656 777 3749 majores
796 3679 904 3724 causae
935 3655 970 3722 in
1003 3657 1153 3726 medinm

92 3804 110 3839 a
127 3771 257 3842 fuerint
283 3770 470 3862 devolutae,
487 3773 527 3840 ad
549 3771 661 3842 sedem
683 3771 924 3867 apostolicam,
946 3772 1033 3870 sicut
1054 3798 1157 3868 syno-

93 3921 111 3956 «
129 3890 194 3959 dns
214 3889 354 3978 statuit,
376 3904 409 3959 et
432 3889 529 3958 beata
553 3889 764 3958 cousuetudo
788 3887 910 3983 exigit,
932 3902 1009 3982 post
1026 3890 1158 3984 episco-

94 4037 112 4072 «
132 4002 208 4102 pale
218 4005 406 4099 judicium,
426 4005 625 4076 referantur.
647 4035 663 4070 u
684 4003 889 4099 (Constant,
910 4028 945 4099 p.
964 4003 1073 4101 749.)

146 4122 181 4192 Si
193 4119 259 4191 l’on
273 4147 391 4210 avone,
403 4147 439 4191 ce
450 4122 511 4215 qui
526 4136 577 4190 est
591 4118 741 4208 evident,
753 4145 819 4214 que
831 4118 862 4188 la
872 4115 1064 4213 de'position
1074 4119 1155 4191 d’nn

93 4237 224 4334 entique
240 4251 371 4308 estune
386 4261 485 4307 cause
499 4234 663 4331 majcure,
681 4261 730 4305 ou
746 4251 795 4306 cst
810 4233 922 4330 oblige'·
940 4235 982 4304 de
997 4236 1157 4308 concluse
