2806 5026
296 457 366 529 388
520 453 523 458 ’
636 460 830 527 rnorstbue
855 478 996 527 enuere.

294 605 428 701 singula
445 631 520 701 quae
543 630 643 700 supra
668 607 700 674 in
722 605 785 676 bac
802 606 930 702 synodo
956 619 1116 673 contenta
1142 617 1239 687 sunt,
1267 626 1324 696 qua

294 747 471 819 possumus
493 713 682 792 humilitate
697 737 731 792 et
748 723 937 792 obedientia
953 723 1084 792 'sanctae
1102 723 1256 792 Romana
1270 722 1324 788 Ec-

293 838 413 928 clesiae,
427 841 578 908 omnium
592 839 708 907 matris
719 863 757 908 ac
767 839 948 934 magistrae,
963 839 1157 908 auctoritati
1171 852 1204 906 et
1211 835 1325 931 judicio

288 955 501 1048 subjicimus,
523 953 565 1023 ad
585 953 719 1023 landem
743 970 776 1023 et
804 953 945 1049 gloriam
969 955 1107 1022 Domini
1129 952 1242 1022 Nostri
1257 955 1326 1020 lesu

294 1072 432 1158 Christi,
448 1085 482 1140 et
500 1071 540 1139 ad
551 1068 710 1140 Ecclesiae
723 1095 790 1139 suae
803 1068 957 1142 salutem.
974 1099 990 1134 a
1013 1067 1100 1163 (nt,
1118 1067 1181 1156 ib,
1192 1093 1224 1163 p.
1239 1063 1327 1163 931.)

293 1187 442 1256 L’annec
464 1187 635 1275 suivante,
661 1182 772 1273 1585,
803 1187 896 1256 Siste
914 1190 941 1256 V
959 1209 1154 1278 approuva,
1178 1183 1270 1278 apris
1287 1181 1326 1250 les

292 1302 386 1369 avoir
402 1302 562 1396 corrige‘s,
580 1299 626 1370 les
642 1315 733 1371 actes
744 1301 784 1370 tle
799 1327 837 1370 ce
853 1301 997 1391 concile,
1009 1315 1042 1370 et
1061 1300 1215 1369 ordonna
1231 1298 1270 1368 de'
1289 1296 1325 1367 les

291 1417 425 1513 publier
446 1441 527 1486 avec
551 1441 606 1488 ces
630 1415 863 1488 corrections:
897 1421 952 1487 Ita
973 1432 1012 1488 ut
1029 1431 1113 1487 sunt
1134 1412 1324 1502 ernendae,

291 1556 355 1602 nec
373 1531 489 1618 aliter,
508 1528 667 1602 edantur.

340 1643 435 1728 Bref
449 1643 493 1716 de
513 1648 614 1717 State
634 1651 676 1717 V.
694 1683 743 1702 ·-
765 1676 782 1712 a
803 1648 920 1718 Xistus
944 1671 1030 1742 papa
1051 1650 1094 1718 V.
1124 1643 1324 1718 Venerabilis

290 1764 433 1851 fratres,
450 1759 590 1832 salutem
618 1776 652 1831 et
672 1762 891 1857 apostolicam
912 1761 1195 1834 benedictionem.
1210 1762 1324 1833 Remit-

289 1880 392 1948 timus
420 1876 620 1947 fraternitati
647 1891 712 1948 tuae
739 1876 876 1948 decreta
902 1876 1020 1973 synodi
1044 1875 1257 1973 provincialis
1279 1901 1323 1946 ar-

289 1993 555 2089 chiepiscopatus
582 1993 656 2082 tui,
686 2018 706 2063 a
735 1993 985 2066 venerabilibus
1021 1993 1183 2066 fratribus
1216 1992 1323 2063 no‘stris

289 2124 412 2180 sanctae
431 2113 589 2180 Romanae
603 2110 761 2181 Ecclesiae
775 2110 1013 2199 cardinalibus,
1031 2110 1133 2180 rebus
1153 2110 1195 2181 ed
1207 2105 1322 2180 concilii

286 2226 477 2298 Tridentini
510 2226 643 2296 decreta
675 2227 922 2321 pertinentibus
950 2224 1147 2323 praefectis,
1178 2225 1321 2296 mandato

286 2358 406 2415 nostro
431 2344 631 2431 examinata,
649 2357 752 2437 atque
770 2344 828 2414 ubi
851 2344 1210 2439 oportuit'emendata.
1229 2345 1320 2414 Cura·

283 2461 335 2532 bis
364 2474 402 2530 ut
427 2483 502 2554 quae
528 2459 583 2554 pie
611 2458 862 2554 prudenterque
886 2460 1018 2532 decreta
1040 2474 1144 2555 atque
1162 2458 1320 2529 emendata

284 2591 375 2665 sunt,
389 2578 481 2646 itant
495 2590 575 2646 sunt
590 2575 779 2664 emendate,
796 2600 857 2645 nec
871 2574 981 2668 aliter,
996 2575 1154 2666 edantur,
1166 2595 1319 2670 quamque
1391 2567 1392 2613 t

282 2691 543 2788 diligentissime
556 2704 773 2763 serventur...
788 2721 805 2756 n
821 2689 946 2787 (Coleti
960 2744 970 2782 ,
985 2706 1013 2764 t.
1037 2694 1135 2782 XXI,
1147 2717 1182 2788 p.
1197 2687 1289 2788 936.)
1390 2691 1391 2721 ¹

335 2803 476 2877 Concilc
501 2804 613 2876 d'Aix
631 2831 673 2876 en
696 2803 802 2878 1585.
831 2849 880 2862 -
908 2807 1030 2896 ‹t'Quae
1052 2809 1086 2876 in
1102 2817 1152 2878 'ea
1169 2801 1317 2903 (synodo)
1389 2799 1390 2827 l

282 2922 416 2992 decreta
436 2920 645 2992 confecimus
659 2947 726 3016 qua
743 2923 864 3016 majori
888 2933 1065 3018 possumus
1079 2922 1264 2994 reverentia
1277 2932 1316 2987 at·
1387 2993 1388 3038 ,

282 3061 348 3132 que
371 3036 559 3108 bumilitate
578 3039 745 3108 mittimus
762 3038 805 3108 ad
824 3041 1037 3109 sanctitatem
1059 3054 1220 3127 vestram,
1239 3036 1314 3131 ejus·
1386 3075 1387 3144 t

280 3178 348 3248 que
360 3154 490 3245 judicio
514 3179 552 3224 ac
571 3177 721 3226 cettsurae
741 3155 959 3250 subjicimus,
985 3179 1215 3250 rogemusque
1235 3167 1269 3222 ut
1283 3172 1313 3219 ea
1385 3165 1386 3252 l

279 3269 441 3364 sapientia
460 3293 518 3340 sua
533 3271 671 3340 meliora
684 3270 793 3340 facere
812 3269 1115 3366 atqueapostolica
1131 3269 1313 3340 auctoritate

278 3385 495 3475 confirmare,
513 3403 547 3456 ct
569 3388 700 3457 munire
725 3387 768 3458 ad
787 3385 971 3482 spiritalem
995 3384 1262 3482 hujus'ecelesiae
1286 3389 1312 3446 et

279 3502 460 3597 prov-inciae
479 3501 731 3572 aedificationem
746 3500 840 3573 velit.
856 3531 873 3566 n
936 3513 938 3518 '

326 3622 484 3713 Reponse
501 3618 543 3689 de
562 3619 654 3687 Sixto
670 3621 720 3689 V:
743 3647 760 3684 c
775 3616 987 3689 Venerabilis
998 3616 1118 3706 frater,
1134 3613 1310 3686 salutemet

276 3735 495 3831 apostolicam
508 3736 787 3807 benedictionem.
807 3739 1025 3806 Remittimus
1040 3731 1240 3803 fraternitati
1256 3744 1309 3799 tue

275 3851 408 3922 decreta
430 3852 550 3948 synodi
573 3851 790 3947 provincialis
808 3852 1116 3947 archiepiscopatus
1134 3849 1203 3936 tui,
1221 3871 1239 3916 a
1262 3866 1306 3912 vo·

272 3965 478 4037 nerabilibus
506 3966 669 4038 fratribus
694 3968 816 4037 nostris
842 3982 963 4036 sanctae
984 3969 1146 4036 Romanae
1165 3957 1305 4033 Ecclesia

272 4081 516 4170 cardinalibus,
531 4084 637 4153 rebus
652 4082 695 4154 ad
707 4081 840 4152 concilii
857 4081 1045 4154 Tridentini
1069 4057 1205 4150 decreta
1214 4072 1304 4174 perti·

272 4197 430 4269 uentibus
447 4198 629 4294 praefectis,
657 4198 816 4270 mandato
840 4215 956 4271 nostro
984 4198 1195 4286 exarninata,
1215 4206 1302 4284 atque
