2910 5038
611 933 953 1029 CHAPITRE
986 936 1069 1026 IV.

382 1215 532 1272 Collecttoa
545 1215 582 1272 de
594 1215 799 1292 quelques-uns
814 1218 864 1273 des
876 1217 944 1292 plus
957 1220 1072 1274 arciens
1084 1192 1282 1275 ceremoniam

745 1499 923 1526 ⁴000*-

800 1791 873 1885 §1-

332 1960 483 2012 Ce're'moaial
496 1958 529 2011 du
540 1957 632 2029 synode
645 1957 820 2028 mdtropolitain
825 1997 834 2020 ,
849 1959 946 2030 d'aprbs
958 1958 980 2009 Ie
992 1965 1018 2020 4⁸
1028 1959 1118 2012 concile
1128 1960 1162 2011 de
1174 1961 1260 2013 Tole'de
1270 1959 1331 2030 (cepi-

698 2045 748 2096 tuie
758 2045 807 2110 rr),
818 2043 848 2094 de
860 2043 911 2094 lon
924 2048 984 2097 63³.

361 2207 453 2273 Hora
476 2204 591 2299 itaque
608 2204 718 2299 prima
743 2203 821 2290 diei,
840 2219 919 2274 ante
942 2201 1021 2274 solis
1041 2219 1171 2293 ortum,
1186 2206 1339 2300 ejiciantur

314 2345 432 2390 omnes
462 2320 505 2390 ab
535 2319 694 2408 ecclesia,
720 2319 952 2414 obseratisque
978 2320 1109 2390 foribus
1139 2325 1288 2411 cunctis,
1315 2317 1341 2389 ad

315 2463 418 2508 unam
442 2436 601 2532 januam,
627 2461 812 2532 perquam
838 2435 1028 2506 sacerdotes
1051 2438 1187 2533 ingredi
1212 2451 1340 2534 oportet,

314 2553 444 2623 ostiarii
470 2567 578 2640 stent;
600 2568 635 2622 et
660 2552 900 2621 convenientes
922 2576 1039 2620 omnes
1063 2553 1215 2648 episcopi
1242 2552 1344 2650 pariter

316 2669 506 2755 introeant,
530 2683 565 2738 et
584 2666 772 2742 secundum
793 2665 1019 2736 ordinationis
1035 2690 1104 2736 suae
1126 2681 1262 2764 tempus
1277 2665 1344 2736 resi-

314 2784 429 2854 deant.
447 2790 527 2857 Post
542 2786 730 2880 ingressum
749 2782 901 2852 omnium
918 2784 1158 2878 episcoporum
1173 2800 1273 2880 atque
1286 2805 1346 2852 cone

314 2926 460 2993 sessum,
490 2916 655 2971 vocentur
681 2897 802 2969 deinde
827 2898 1032 2994 presbytcri,
1053 2925 1141 2995 quos
1169 2926 1269 2974 causa
1286 2922 1346 2995 pro·

313 3020 445 3091 baverit
460 3017 611 3087 introire.
623 3013 747 3088 Nullus
763 3014 924 3086 intereos
939 3039 973 3084 se
988 3015 1118 3111 ingerat
1130 3017 1344 3088 diaconorum.

314 3139 395 3206 Post
414 3135 477 3204 hos
505 3131 739 3228 ingrediantur
762 3130 894 3202 diaconi
925 3129 1134 3236 probabiles,
1168 3160 1254 3230 quos
1282 3129 1346 3202 ordo

313 3253 467 3348 poposcit
491 3251 671 3339 interesse,
689 3264 723 3318 et
746 3273 874 3318 corona
895 3247 984 3319 facta
1011 3249 1054 3319 de
1075 3249 1214 3321 sedibus
1233 3251 1345 3347 episco·

313 3394 453 3465 porum,
471 3365 698 3463 presbyteria
725 3380 821 3461 tergo
846 3389 966 3435 eorum
992 3364 1173 3438 resideant.
1198 3367 1347 3436 Diaconos

313 3487 347 3555 in
373 3498 560 3582 conspectu
578 3483 817 3578 episcoporum
845 3497 946 3551 stent.
976 3481 1108 3552 Deinde
1129 3483 1347 3580 ingrediantur

312 3599 389 3671 laici
409 3601 468 3695 qui
486 3598 648 3669 electione
666 3595 988 3668 concilii'interesse
1007 3615 1220 3670 meruerunt.
1247 3604 1346 3693 Ingre-

314 3715 452 3786 diantur
467 3739 605 3810 quoque
620 3728 652 3784 et
672 3713 797 3782 notarii
816 3737 901 3806 quos
916 3711 960 3781 ad
977 3713 1191 3786 recitandum
1209 3713 1259 3784 vel
1276 3709 1349 3782 exci-

313 3832 473 3928 piendum
482 3830 565 3900 ordo
575 3830 730 3924 requirit,
746 3843 781 3897 et
793 3828 993 3898 obserentur
1000 3828 1124 3924 januae.
1137 3831 1350 3921 Sedentesque

312 3948 347 4018 in
373 3947 538 4016 diuturno
560 3945 692 4016 silentio
714 3942 922 4032 sacerdotes,
934 3958 967 4014 et
983 3969 1041 4014 cor
1060 3960 1172 4018 totum
1193 3945 1236 4016 ad
1252 3949 1348 4016 Deum

312 4065 493 4153 habentes,
514 4062 605 4134 dicat
626 4060 911 4134 archidiaconus:
934 4063 1055 4134 Orate.
1084 4055 1271 4156 Statimque
1291 4081 1349 4126 on·

315 4203 374 4250 nes
388 4180 424 4249 in
438 4193 528 4252 terra
540 4179 812 4276 prostrabuntur,
825 4190 862 4248 et
875 4191 1010 4246 orantes
1028 4177 1155 4250 diutius
1168 4179 1268 4250 tacite
1283 4193 1347 4246 cun
