2806 5026
282 443 354 518 386
621 453 816 521 annisibus
841 464 981 518 araris.

281 627 298 662 a
316 619 411 686 musp
431 579 494 668 sed
511 621 547 667 ea
565 600 761 695 etiamque
782 589 960 670 laudabilia
975 611 1077 688 sunt,
1096 581 1167 668 sine
1182 613 1243 668 tua
1255 621 1332 670 sen·

278 715 419 783 atentia
438 695 537 809 teque
559 715 779 803 inconsulto,
813 716 922 785 facere
948 715 982 783 in
1004 713 1201 808 religionem
1227 719 1332 786 verti·

279 863 296 897 a
315 857 390 932 mus
394 885 454 902 .....
482 833 563 900 Tuae
595 857 686 903 nunc
711 833 775 902 erit
807 831 992 904 sanctitatis
1022 829 1267 903 benevolentiae
1300 847 1332 904 et

278 945 552 1042 «benignitatis,
572 947 762 1017 beatissime
781 961 888 1042 pater,
914 960 1011 1015 tuum
1027 940 1092 1014 lrac
1113 945 1149 1014 in
1170 969 1208 1014 re
1233 924 1331 1018 adbi-

278 1062 389 1134 abere
402 1061 581 1158 judicium,
604 1077 765 1157 tuamque
784 1061 1015 1158 dignissimam
1035 1062 1251 1156 interponere
1271 1087 1331 1136 au·

275 1181 524 1270 athoritatem‚
553 1191 590 1250 ut
620 1203 695 1274 quae
726 1180 787 1248 tibi
810 1179 1018 1248 videbuntur
1044 1193 1136 1248 recta
1160 1171 1330 1275 approba·

275 1299 400 1366 atione
414 1304 471 1366 tua
489 1297 636 1383 sanclas,
657 1317 732 1390 quae
750 1281 846 1369 secus
869 1293 1049 1382 obliteres,
1069 1317 1270 1393 expungas,
1296 1315 1330 1370 et

275 1413 351 1482 aab
372 1437 495 1482 arcano
520 1424 586 1482 tuae
610 1413 799 1508 prudentiae
824 1413 970 1483 sacrario
993 1411 1176 1518 sacratiora
1199 1428 1234 1487 et
1256 1438 1329 1486 me-
1362 1433 1365 1442 '

273 1527 392 1598 «liora
412 1527 584 1623 proferas3
616 1551 744 1622 uosque
772 1527 1098 1623 obsequentissimus
1130 1529 1190 1598 tibi
1215 1545 1251 1600 et
1272 1534 1328 1602 in-

273 1644 523 1740 «dignissimos
551 1642 607 1713 tali
631 1627 807 1716 consortio
834 1639 1090 1712 consacerdotes
1111 1667 1150 1731 ea
1169 1643 1325 1717 doctrina

271 1793 288 1828 a
306 1777 340 1830 et
358 1760 547 1830 eruditione
579 1760 710 1830 imbuas
733 1784 833 1853 quam
867 1773 903 1826 tu
937 1753 1132 1840 baudidanem
1161 1759 1324 1834 divinitus

269 1903 285 1942 a
304 1875 461 1971 accepisti
465 1928 524 1946 .....
542 1879 651 1948 Tuam
667 1885 768 1970 super
786 1875 850 1946 hac
870 1899 905 1943 re
920 1876 1134 1962 sententiam,
1147 1891 1180 1946 et
1200 1878 1323 1972 siquid

270 1991 547 2062 «emendationis
568 2011 587 2060 a
613 2007 679 2061 tuae
699 1992 887 2066 sanctitatis
912 1989 1051 2060 oraculo
1072 1991 1319 2086 proficiscetur,

270 2123 517 2203 «expectamus
544 2105 757 2184 devotissime
779 2123 816 2176 ut
841 2122 957 2202 postea
984 2109 1071 2202 typis
1099 2109 1170 2178 baec
1188 2108 1320 2180 demetr

268 2251 285 2288 a
304 2224 471 2311 marmari,
490 2249 529 2294 ac
550 2224 812 2319 provincialibus
837 2224 1013 2312 distribui,
1041 2225 1319 2296 christianissimo

268 2343 286 2406 i<
302 2364 379 2436 rege
396 2357 510 2410 nostro
523 2343 925 2435 permittentc‚cttrerntrs.
944 2371 960 2405 r
971 2331 1161 2436 (Odespum
1176 2367 1211 2437 p.
1224 2341 1319 2438 384.)

293 2465 295 2474 ’
316 2459 413 2540 Volci
426 2457 462 2527 ¹la
481 2455 623 2552 repense
641 2459 682 2526 de
699 2455 864 2554 Grlgoirc
882 2461 987 2527 Xlll:
1209 2447 1212 2452 Δ

316 2605 333 2640 a
346 2574 557 2645 Venerabilis
569 2574 683 2662 frater,
704 2571 844 2642 salutem
862 2589 896 2642 et
915 2571 1137 2667 apostolicam
1160 2576 1314 2647 benedic·
1401 2583 1402 2607 ³

266 2693 405 2761 tionem.
420 2690 637 2760 Remittimus
658 2687 859 2760 fraternitati
875 2700 942 2758 tuae
959 2690 1091 2760 decreta
1106 2692 1228 2786 'synodi
1246 2712 1313 2788 pto·

239 2853 241 2858 -
265 2806 415 2878 rineialis
434 2786 739 2902 archiepiscopatus
763 2807 835 2895 tui,
859 2805 1019 2874 mandato
1042 2795 1159 2876 nostro
1178 2833 1197 2876 a
1220 2831 1310 2877 vene·
1399 2785 1400 2804 l

266 2924 428 3020 rabilibus
462 2923 622 2992 fratribus
659 2923 783 2993 nostris
806 2938 929 2992 sanctae
964 2927 1125 2993 Romanae
1160 2923 1307 2994 Ecclesia
1397 2945 1398 3000 t

266 3039 496 3136 cardinalibus
510 3059 611 3134 super
624 3039 722 3109 rebus
739 3040 781 3110 ad
797 3039 998 3110 oecumenici
1019 3037 1155 3108 concilii
1174 3039 1304 3110 Triden-
1396 3051 1397 3096 t

266 3157 328 3226 titii
351 3153 483 3225 decreta
503 3157 750 3250 pertinentibus
769 3183 788 3226 a
807 3155 906 3224 nobis
926 3154 1090 3249 praefectis
1108 3158 1300 3241 examinata,
1395 3125 1396 3194 l

168 3297 171 3306 ·
264 3265 365 3366 atque
387 3269 445 3340 ubi
466 3271 615 3366 oportuit
633 3271 808 3342 emendata
830 3299 838 3341 ε
859 3271 996 3340 curabis·
1011 3285 1050 3340 ut
1068 3295 1145 3364 quae
1160 3275 1214 3366 pie
1231 3294 1301 3366 pru·

263 3388 451 3480 dentesque
473 3389 604 3488 decreta
624 3403 727 3488 atque
748 3387 926 3457 emendata
947 3399 1027 3456 sunt
1046 3410 1151 3482 quam
1172 3386 1303 3484 diligen·

263 3505 389 3572 tissime
407 3519 617 3572 serventur...
639 3533 655 3568 r
679 3503 877 3598 (Odcspun,
896 3529 928 3598 p.
945 3501 1042 3597 386.)

314 3617 454 3691 Concile'
468 3619 512 3688 cle
534 3620 652 3690 Raima
669 3642 713 3689 en
735 3617 838 3722 1583.
866 3619 1007 3710 Brefde
1025 3620 1191 3718 Grugmie
1210 3619 1300 3689 titt.

260 3779 308 3792 -
323 3767 340 3802 a
358 3737 594 3807 Marulavimus
615 3737 747 3807 decreta
766 3737 884 3832 synodi
905 3721 1121 3832 provincialis
1145 3735 1300 3830 archiepi·

207 3930 210 3934 ,
259 3867 414 3949 scopatus
432 3855 479 3922 tui
500 3876 573 3947 quae
592 3853 632 3922 ad
653 3875 713 3922 nos
728 3853 860 3941 misisti,
882 3877 942 3948 per
965 3851 1172 3921 venerabiies
1191 3852 1298 3920 iratres

258 3981 390 4039 nostros
409 3986 530 4039 sanctae
555 3971 716 4038 Romana
743 3967 899 4037 Ecclesiae
920 3967 1108 4037 cardinales
1126 3988 1224 4062 super
1245 3965 1298 4033 du·

257 4087 321 4155 biis
343 4087 375 4154 in
397 4091 534 4155 materia
554 4110 647 4154 eone.
672 4085 766 4155 Trid.
787 4081 986 4179 deputatos,
1020 4083 1198 4178 diligenter
1223 4103 1294 4173 cog·

257 4200 349 4270 nosci
369 4215 470 4298 atque
485 4199 542 4270 ubi
562 4221 648 4298 opus
669 4214 754 4270 esset
775 4197 959 4272 emendari.
979 4198 1193 4270 licutittimus
1211 4211 1294 4270 uunc
