2804 5022
191 451 339 500 concine
359 453 463 508 enov.
476 453 551 510 ean
570 453 729 514 naerens
748 455 793 502 au
813 456 841 501 s.
856 438 966 502 siens.
1043 435 1113 529 '²73

10 581 11 624 ³
84 581 278 650 «sententia.
300 585 350 652 Et
364 606 487 652 rursus
508 579 655 679 quidum
668 583 706 652 iu
724 585 866 684 magnis
882 581 1025 654 urbibus
1037 609 1117 656 eou-

83 692 207 766 sstituu'
215 695 487 768 sollicitudiuem
499 695 578 795 sylu-
587 700 806 795 suseipereut
817 699 1024 797 simpliorem
1032 727 1042 770 .·
1048 724 1120 796 per·

11 893 12 898 ἵ
84 809 359 900 «quosaduuam
373 815 476 882 Petri
489 810 608 884 sedem.
628 813 836 884 uniuersalis
847 815 1020 886 Ecclesiae
1033 839 1118 886 euru

82 946 95 980 «
108 925 287 1011 cotulueret
306 943 341 998 et
356 925 453 998 uiliil
475 953 633 1026 tuaquom
650 955 675 997 u
697 934 896 1028 suocapite
920 927 1118 1001 dissideret.

83 1037 198 1127 «Quod
214 1043 280 1112 nisi
296 1043 434 1136 quidam
447 1069 489 1114 ex
502 1045 597 1115 vobis
617 1041 711 1114 nullo
729 1047 880 1115 interiori
899 1047 1119 1142 eomprehen-

82 1154 220 1229 «dissent
236 1161 381 1248 obtutu,
404 1185 579 1256 nunquam
596 1161 791 1232 Rothadum
812 1163 1004 1258 episcopum
1024 1170 1120 1236 Sues·

82 1299 94 1332 α
106 1275 216 1346 sonieae
229 1276 323 1346 urbis
338 1279 411 1348 sine
426 1303 592 1348 consensu
610 1291 726 1346 nostro
744 1277 1015 1374 deposuissent...
1032 1281 1119 1348 Nam

10 1389 11 1406 ¹
82 1393 268 1482 «quomodo
285 1419 354 1463 non
374 1419 489 1464 omues
509 1393 607 1463 vobis
626 1394 739 1464 omnia
753 1393 943 1482 vindicatis,
962 1397 1019 1488 qui
1031 1395 1122 1490 judi-

81 1505 150 1576 «cia
167 1509 426 1604 episcoporum,
453 1535 529 1605 quae
556 1509 678 1580 merito
692 1509 782 1579 inter
801 1507 927 1602 majora
941 1535 1122 1580 numeran-

81 1635 155 1693 «tur
176 1627 335 1722 negotia,
357 1640 475 1695 vestre
497 1623 730 1694 deliberationi
752 1623 941 1694 tribuistis?
968 1629 1021 1694 An
1047 1652 1125 1696 mo-

81 1763 93 1796 s
107 1739 213 1816 dicum
227 1743 322 1812 vobis
336 1767 406 1812 esse
418 1742 553 1811 videtur
567 1741 688 1811 fratres
704 1756 737 1811 et
758 1743 978 1838 coepiscopos
992 1758 1122 1813 vestros

82 1873 219 1947 «praeter
245 1856 444 1951 apostolice,
460 1857 547 1927 sedis
568 1881 770 1928 consensum
799 1857 1002 1953 depositioni
1022 1859 1124 1954 subji-

11 2045 12 2048 Ἴ
80 1997 93 2030 u
105 1972 198 2042 cere?
210 1972 314 2063 Quod
328 1973 355 2043 si
369 1973 604 2044 damnationes
618 1975 855 2070 episcoporum
871 2001 940 2044 non
956 1976 1044 2044 inter
1057 2002 1126 2047 ma·

10 2122 13 2174 ¹1
80 2086 172 2180 «jora
198 2090 338 2184 negotia
361 2088 602 2177 dinumeratis,
625 2115 773 2184 quorum
794 2090 864 2185 jam
891 2116 1009 2162 causas
1038 2091 1126 2162 inter

12 2189 13 2194 ἵ
80 2229 93 2263 r
104 2205 227 2298 majora
249 2205 454 2300 computatis
470 2205 606 2300 negotia
618 2203 672 2275 l...
689 2209 742 2274 An
758 2204 852 2274 sedes
866 2205 1049 2299 apostolica
1070 2233 1126 2278 na-

81 2345 95 2378 «
107 2336 166 2412 put
180 2346 249 2391 non
269 2319 340 2390 est?
354 2323 492 2390 Frustra
513 2345 606 2416 erg0,
622 2335 660 2389 ut
680 2320 784 2391 multa
802 2335 1021 2414 praeteream,
1043 2350 1125 2394 con-

80 2435 214 2505 «citium
236 2421 435 2507 Sardicense
460 2436 502 2504 ad
516 2435 645 2506 lulium
667 2437 861 2531 episcopum
886 2437 974 2504 inter
998 2452 1123 2506 caetera

82 2549 188 2622 «dixit
208 2579 216 2622 :
239 2554 422 2648 Optimum
436 2568 472 2623 et
495 2553 845 2650 congruentissimum
866 2577 944 2622 esse
971 2551 1124 2642 videtur,

82 2669 136 2734 «si
147 2666 198 2738 ud
210 2684 330 2765 caput,
343 2665 383 2738 id
392 2684 447 2739 est
459 2666 512 2738 ud
518 2671 620 2740 Petri
634 2665 790 2764 apostoli
804 2664 938 2757 sedem,
954 2665 998 2736 de
1011 2670 1128 2766 siugu-

82 2809 94 2842 ι(
108 2783 148 2854 lis
161 2784 356 2883 quibusque
370 2785 564 2882 provinciis
572 2785 722 2854 Domini
739 2781 1125 2878 restruutsucerdutes.

83 2925 96 2959 t
111 2905 191 2972 Ecce
204 2903 317 2972 sedem
329 2901 421 2971 Petri
435 2916 538 2997 capnt
551 2899 765 2998 appellatam,
776 2900 830 2969 cui
846 2899 887 2968 de
900 2898 1039 2996 singulis
1050 2927 1127 2998 pro·

84 3043 97 3075 s
112 3017 224 3088 vinciis
241 3018 382 3088 Domini
395 3017 521 3086 referre
537 3015 727 3088 sacerdotes
742 3015 876 3085 debent.
895 3019 923 3086 E
936 3031 1055 3086 contra
1068 3043 1128 3088 vos

85 3157 98 3192 ι(
113 3131 188 3203 adeo
200 3134 291 3203 hanc
311 3132 495 3228 despicitis,
508 3147 547 3202 ut
560 3131 601 3202 ad
613 3157 685 3202 eam
709 3131 793 3200 nihil
812 3131 854 3200 de
872 3131 1056 3226 majoribus
1073 3157 1128 3201 ne·

86 3250 204 3340 «gotiis
220 3249 346 3318 referre
360 3248 499 3338 curetis,
521 3272 560 3317 ac
574 3247 770 3343 episcopum
793 3243 982 3316 inconsulta
1002 3262 1036 3316 et
1048 3273 1127 3318 con·

86 3377 231 3460 «tempta
250 3362 307 3434 illa
329 3363 499 3458 deponere
523 3365 745 3458 praesumatis,
767 3378 801 3433 et
823 3367 992 3458 praecipue
1014 3363 1127 3434 sedem

88 3479 325 3574 «apostolicam
339 3477 578 3578 appellantem.
595 3480 701 3549 Nimis
717 3503 864 3572 namque
878 3479 1063 3549 absurdum
1077 3495 1127 3549 est

89 3622 103 3656 «
116 3599 198 3690 quod
210 3597 346 3686 dicitis,
365 3594 576 3684 Rothadum,
599 3595 659 3689 qui
682 3592 909 3688 adjudicium
932 3591 1019 3663 sedis
1045 3620 1126 3689 apo-

91 3713 231 3785 «stolicae
251 3712 470 3810 provocavit,
491 3713 614 3781 iterum
633 3724 763 3782 mutata
780 3733 861 3778 voce
874 3723 983 3777 vestra
1000 3710 1127 3804 judicia

91 3829 302 3920 «postulasse.
327 3828 432 3918 Quod
458 3827 590 3898 etiamsi
618 3827 665 3896 ita
687 3825 818 3912 fuisset,
845 3849 864 3892 a
886 3840 995 3895 vestra
1017 3827 1127 3898 fuerat

67 4013 70 4020 .
95 3970 109 4003 s
121 3943 319 4019 fraternitate
339 3942 582 4040 corrigendus,
603 3957 638 4011 et
656 3941 735 4036 quia
751 3967 770 4010 a
786 3942 907 4037 majori
922 3940 963 4011 ad
987 3943 1126 4014 minoris

81 4059 321 4142 ¹«attototritatis
352 4073 566 4156 provocasset
601 4057 797 4154 judicium,
825 4057 1124 4132 emendandus.....

97 4199 110 4231 «
122 4176 254 4270 AEquum
280 4203 350 4248 non
365 4175 466 4262 soret,
483 4175 510 4243 si
526 4174 569 4244 ad
583 4188 739 4264 vestrase
752 4171 878 4271 judicia
892 4175 1130 4267 convertisset,

933 4297 967 4348 18
