2910 5038
510 470 752 540 anennonnn.
1006 495 1008 500 ·
1083 467 1150 567 571

109 618 267 708 ecclesia,
276 619 393 711 finita
409 623 518 690 missa
526 673 537 707 ,
553 617 723 718 pontisne
732 635 889 716 parolus
903 636 943 692 nt
955 645 1063 717 sopra
1070 647 1158 724 pso·

109 734 196 806 aedil
211 757 333 806 eoram
350 731 480 824 altari,
502 731 651 804 diacono
668 749 709 804 ot
726 733 942 805 subdiacono
959 738 1103 832 paratis
1122 753 1160 808 nt

108 876 214 950 supra
232 854 350 948 ipsam
366 848 650 941 associantibus,
677 866 713 920 et
730 849 782 921 ibi
798 853 834 920 in
842 849 1054 946 faldistorio
1074 869 1159 924 ante

109 965 256 1040 mediam
270 966 399 1038 altoris
406 966 519 1064 janna
538 965 741 1062 inferiorem
757 965 911 1068 gradum
928 965 1002 1037 sibi
1011 983 1155 1064 parato,

106 1080 496 1182 gotmsteans,doposilo
510 1084 630 1171 mitm,
646 1082 920 1158 inchoatsolzolo
922 1101 1160 1182 prosequente

110 1198 340 1297 antiphonam
359 1199 396 1295 (8
419 1199 526 1294 toni):

155 1317 328 1412 Propitius
353 1330 425 1385 eslo
451 1316 596 1412 peccatis
624 1317 771 1405 nostrin,
792 1317 959 1406 Domine,
977 1317 1158 1412 nequando

109 1430 221 1504 dicent
237 1447 376 1530 gentes:
401 1433 469 1503 Ubi
488 1447 539 1501 eet
557 1436 650 1503 Deus
669 1431 815 1503 eorum?

158 1550 278 1620 Finita
294 1546 497 1644 antiphona
510 1563 548 1618 et
559 1550 700 1646 inoeplo
707 1548 862 1644 psalmo,
879 1545 979 1620 sedet
992 1547 1160 1646 pontifis

110 1678 329 1759 reassumpta
346 1665 475 1753 mitra,
491 1687 603 1761 usqne
621 1661 673 1732 ad
671 1663 791 1755 finam
795 1661 945 1760 psalmi.

523 1845 678 1910 Psanme
698 1841 755 1938 78.

156 1998 280 2084 Dens,
301 2005 469 2067 venerunt
488 2006 606 2087 gentes
635 1992 671 2066 in
692 1991 921 2064 hereditatem
953 2007 1065 2083 tuam,
1085 1991 1158 2089 pol·

113 2105 248 2182 luerunt
267 2107 432 2205 tenplum
447 2123 603 2184 sanetum
615 2107 961 2206 tuum,*ponuerunt
978 2109 1163 2182 Jerusalem

113 2225 145 2294 in
163 2251 345 2322 pomorum
368 2224 571 2298 custodiam.
590 2233 593 2243 '

157 2346 352 2412 Posuerunt
379 2340 558 2408 morticina
582 2363 756 2422 servorum
785 2349 923 2412 tuorum
949 2365 1040 2412 esces
1071 2338 1163 2410 vola·

113 2454 222 2530 lilibus
238 2455 332 2548 ooeli,
349 2453 495 2528 *oannes
524 2468 719 2530 sanctorum
744 2469 883 2530 tuorum
906 2457 1022 2542 bestiis
1047 2472 1159 2528 tesrae.

158 2573 366 2644 Effuderunt
385 2570 585 2666 sanguinem
597 2593 713 2640 eorum
731 2585 894 2666 tanquam
907 2597 1029 2667 aquam
1050 2573 1084 2640 in
1100 2574 1164 2641 eir·

114 2691 204 2760 cuitu
217 2687 404 2761 Jerusalem
415 2684 454 2774 3*
469 2701 502 2756 et
521 2700 676 2756 nouerat
692 2688 750 2782 qui
766 2687 934 2782 sepeliret.

157 2807 248 2877 Facti
272 2829 388 2875 sumus
407 2802 629 2898 opprobrium
648 2803 766 2872 vicinis
789 2805 932 2892 nostris3
945 2801 962 2838 *
976 2805 1164 2876 subsanna-

114 2922 158 2992 tio
178 2938 213 2993 et
230 2920 344 2992 illusio
363 2919 433 3008 his,
451 2919 510 3013 qul
531 2919 566 2987 in
589 2919 734 2988 circuitu
751 2934 867 2990 nostro
884 2935 974 2991 sunt.

158 3041 367 3134 Usquequ0‚
385 3036 551 3120 Domine,
572 3034 723 3106 irasceris
739 3035 774 3104 in
798 3033 918 3124 linem3
933 3033 1165 3106 *accendetur

114 3152 202 3226 velut
221 3154 312 3252 ignis
330 3152 419 3222 zelus
436 3147 538 3220 tuus?

160 3269 310 3341 Effunde
330 3268 415 3339 iram
431 3283 525 3338 tuam
546 3267 581 3335 in
601 3280 717 3364 gentes
740 3291 814 3362 quae
829 3281 863 3338 te
881 3293 949 3338 non
972 3283 1163 3356 noverunt,

113 3382 177 3456 *et
195 3389 230 3458 in
252 3409 357 3481 regna
376 3408 452 3479 quae
470 3408 594 3453 nomen
610 3397 706 3453 tuum
727 3407 797 3453 non
817 3383 1079 3474 invocaverunt3

162 3503 255 3594 Quia
280 3499 500 3574 comederunt
525 3497 648 3585 Jacob,
676 3495 745 3568 *et
766 3496 879 3570 locum
904 3500 977 3595 ejus
998 3498 1167 3572 desolave-

117 3637 208 3693 runt.

163 3738 285 3814 Gloria
304 3735 411 3811 Patri.
430 3735 527 3808 Siout
547 3747 636 3823 eret,
658 3746 723 3809 etc.

166 3870 316 3959 Deinde,
334 3867 612 3966 finilopsalmo,
632 3883 668 3938 et
681 3867 831 3962 repetita
852 3864 1065 3962 antiphona,
1076 3891 1169 3965 pon·

119 3989 227 4084 tiseos,
246 3987 409 4085 deposita
430 3988 551 4071 mitra,
569 3985 705 4082 surgit,
731 3997 765 4052 el
787 3997 889 4052 stans
908 4006 1034 4053 versas
1049 3982 1102 4054 ad
1111 3984 1168 4055 al·

121 4121 194 4176 tore
217 4103 336 4176 dicit:

165 4225 219 4295 Ne
236 4219 429 4292 memineris
455 4217 673 4312 iniquitatum
701 4230 895 4289 nostrarum
925 4214 1168 4311 antiquorum:
