2806 5026
302 423 372 511 348
642 427 835 496 moranus
861 447 1002 495 enarre·

268 615 272 623 ·
300 581 414 650 Avant
432 576 573 648 ‹l’eorire
584 581 685 649 'cette
700 575 812 669 lettre,
836 575 878 646 ils
892 577 1032 649 avaient
1052 575 1094 646 de
1113 595 1263 648 nouveau
1280 579 1334 648 mis

301 695 459 790 Apiarius
478 721 519 764 eu
543 697 741 790 jugement,
765 693 849 764 mais
876 717 957 764 avec
973 691 1024 790 *de
1055 717 1232 764 nouveaux
1256 693 1334 765 chels

301 809 541 899 d'aeeusation,
555 824 588 879 et
604 807 645 878 ils
660 808 816 881 l’avaient
834 807 878 878 de
900 834 1057 879 uouveau
1073 811 1313 881 excommnuie.

343 926 432 997 Chr.
456 923 556 996 Wolf
573 923 748 1021 s’exprime
775 926 861 995 ainsi
887 951 931 995 au
956 927 1044 1022 sujet
1068 925 1110 994 de
1136 941 1225 996 cette
1250 925 1335 998 lettre

302 1045 463 1140 e'trauge:
493 1041 664 1131 «Infelix,
688 1041 845 1136 deviapac
864 1043 1136 1138 praevaricatoria
1163 1043 1334 1142 epistola...

301 1162 380 1230 Fuit
401 1159 572 1230 horrenda
591 1159 745 1232 audacia.
769 1157 919 1230 Africani
945 1183 1091 1255 namque
1106 1151 1108 1156 ¹
1122 1161 1272 1258 'episcopi
1288 1183 1336 1230 us·

302 1301 369 1372 que
382 1291 463 1348 tunc
475 1265 619 1348 Romam
635 1301 770 1372 semper
783 1275 1049 1372 appellaverant,
1066 1302 1106 1348 ac
1118 1291 1239 1374 postea
1251 1279 1336 1347 etiam

303 1407 527 1489 perrexerunt
555 1391 726 1488 appellare
747 1417 759 1460 τ
782 1406 817 1461 et
839 1417 917 1462 ecce
936 1393 999 1463 ista
1023 1392 1194 1488 synodus,
1212 1393 1288 1463 dum
1304 1392 1337 1462 de

302 1511 431 1606 Apiarii
448 1510 535 1580 facta
551 1533 612 1606 per
635 1511 806 1580 Zosimum
823 1510 1038 1605 reparatione
1052 1509 1337 1582 scviudicarestu·

302 1625 380 1714 det,
405 1638 513 1696 tentat
532 1637 684 1694 evertere
701 1625 826 1695 omnia.
850 1628 892 1694 Et
917 1649 1064 1700 canones
1082 1626 1242 1697 Nicaenos
1257 1621 1338 1695 iutel-

303 1740 385 1813 lexit
400 1742 551 1837 pessime.
566 1741 670 1834 Quod
686 1742 775 1811 euim
791 1741 827 1810 hi
840 1745 1013 1812 Romanas
1026 1741 1269 1837 appellationes
1282 1767 1337 1813 non

292 1857 604 1946 circumscribant,
631 1873 681 1928 est
719 1859 820 1928 nimis
848 1856 1106 1954 exploratum.»
1149 1860 1225 1958 (De
1245 1859 1335 1930 Afric.

300 1972 391 2044 Eeel.
411 1976 573 2046 Romanis
587 1999 679 2070 app,
693 2001 723 2044 c.
748 1976 822 2072 29.)
1386 1967 1387 1998 ³

349 2093 412 2162 Cet
433 2105 565 2180 auteur,
582 2091 777 2162 examinant
792 2093 923 2162 ensuite
939 2089 1103 2187 l'opinion
1123 2093 1167 2163 de
1180 2097 1338 2165 Mareln·
1386 2173 1387 2180 p

301 2209 396 2277 toine
410 2208 532 2304 Capel‚
552 2209 609 2304 qui
627 2207 770 2304 regardo
792 2223 879 2278 cette
900 2207 998 2277 lettre
1024 2223 1057 2279 et
1076 2225 1175 2280 toute
1198 2211 1338 2281 l’histoire
1386 2189 1387 2266 }

300 2324 494 2420 d’Apiarius
513 2349 646 2394 comme
674 2326 915 2409 commoveas,
937 2347 1044 2396 avone
1065 2327 1149 2420 qu'il
1168 2343 1219 2398 est
1238 2323 1338 2422 frappi

302 2443 360 2512 des
379 2444 508 2512 raisons
530 2441 571 2510 dc
591 2467 629 2511 ce
651 2454 782 2512 savant.
810 2445 894 2511 Sans
913 2457 1027 2512 entrer
1048 2443 1133 2513 dans
1154 2470 1210 2514 ces
1229 2445 1337 2513 discus·
1386 2447 1387 2532 l

301 2562 412 2649 sions,
437 2557 460 2626 il
487 2559 560 2628 faut
587 2559 752 2628 convenis
769 2557 852 2652 qu’il
879 2571 930 2627 est
956 2558 1096 2629 difficile
1123 2561 1168 2631 de
1195 2583 1338 2658 supposes

302 2677 385 2746 daus
406 2675 455 2744 les
481 2672 624 2770 iniquos
650 2674 812 2744 africaius
839 2696 907 2743 une
936 2676 963 2744 si
986 2675 1154 2770 complete
1174 2679 1337 2774 ignorante
1386 2691 1387 2770 J

302 2793 360 2861 des
376 2816 508 2888 canons·
523 2791 571 2860 du
595 2785 728 2861 celebre
750 2789 883 2860 concile
908 2783 950 2860 de
972 2791 1154 2886 Sardique.
1176 2799 1337 2866 Commeat
1386 2787 1387 2864 l

302 2933 471 3004 supposcr
485 2932 551 3004 que
576 2906 606 2976 le
624 2932 711 3002 pape
737 2921 770 2976 et
789 2931 840 2976 ses
861 2905 980 3004 lagnis,
998 2907 1044 2979 les
1073 2925 1177 3004 ayant
1195 2905 1338 2981 attribuis
1386 2869 1387 2910 l

279 3049 363 3120 -par
383 3047 511 3112 erreur,
540 3047 671 3095 comme
693 3047 738 3093 on
766 3020 797 3092 le
818 3024 983 3118 pretend,
1010 3049 1052 3094 au
1079 3027 1212 3098 concile
1232 3027 1271 3096 de
1285 3025 1335 3098 Ni·

302 3145 380 3229 cce,
414 3139 537 3210 n'aient
564 3166 625 3237 pas
651 3163 803 3210 reconna
825 3155 913 3211 cette
936 3121 1054 3212 errcur
1081 3165 1145 3238 par
1174 3143 1220 3214 les
1248 3143 1337 3214 solcu-

303 3251 404 3327 nelles
427 3258 623 3328 recherches
642 3257 743 3353 qu'on
762 3257 812 3326 dit
826 3258 920 3328 avoir
932 3257 986 3327 ete'
1005 3257 1100 3328 laites
1119 3286 1162 3330 en
1182 3261 1297 3332 Orient
1311 3270 1336 3325 et

301 3399 342 3443 en
363 3375 549 3445 Occiderit?
568 3378 747 3446 Comment
761 3373 793 3444 le
811 3377 1083 3472 quap1·0qu0sur
1100 3375 1213 3472 lequel
1229 3388 1275 3446 est
1290 3375 1334 3443 bl-

302 3493 348 3564 tie
368 3507 461 3562 toute
479 3491 641 3562 l’lristoire
656 3491 697 3560 de
712 3506 801 3561 cette
816 3489 965 3586 querelle
980 3491 1071 3561 a-t·il
1083 3493 1109 3560 si
1121 3492 1334 3588 complaisan-

301 3607 393 3679 ment
411 3609 494 3678 dure
504 3607 637 3703 jusqu'it
653 3607 684 3678 la
701 3607 749 3676 fin
762 3607 777 3676 l
789 3611 991 3697 Commeat,
1002 3607 1085 3678 dans
1103 3633 1139 3677 sa
1156 3627 1334 3702 correspon·
1386 3635 1387 3712 p

304 3725 409 3795 dance
431 3751 511 3796 arec
532 3725 577 3795 les
597 3724 879 3821 papes‘Boniface
901 3738 934 3794 et
952 3723 1120 3814 Ce'lestin'‚
1142 3751 1184 3795 au
1207 3726 1288 3819 sujet
1303 3721 1334 3789 de

214 3939 218 3949 Ι
306 3841 425 3939 l'appel
443 3843 483 3911 de
499 3842 647 3938 leveque
665 3842 706 3912 de
727 3842 883 3930 Fussala,
901 3843 993 3912 saint
1005 3843 1174 3941 Augustin
1192 3832 1330 3938 perlat-il

299 3983 431 4030 comme
447 3960 473 4026 si
487 3957 516 4027 lc
531 3959 621 4030 droit
636 3957 767 4054 d’appel
781 3955 896 4028 n’etait
907 3984 965 4054 pas
978 3961 1086 4028 meme
1100 3960 1163 4028 nris
1176 3985 1217 4027 en
1229 3957 1328 4039 doute,

300 4091 334 4142 et
352 4095 481 4142 comme
496 4072 545 4141 s’il
568 4099 610 4142 nc
624 4071 731 4144 s'titait
743 4074 839 4169 passe
857 4099 898 4144 en
914 4073 1056 4170 Afrique
1071 4099 1201 4146 aucune
1216 4086 1330 4143 contes-
1386 4065 1387 4158 i

303 4187 408 4256 tation
428 4188 446 4255 t
470 4205 507 4254 ce
528 4185 635 4279 sujet?
