2806 5026
208 435 358 486 concurs
378 437 483 488 auor.
500 437 569 488 nnn
585 437 749 490 nnnrour
765 439 810 489 tn
826 440 854 488 s.
868 422 980 490 sinor.
1057 413 1127 490 385

102 575 147 632 tur
161 587 247 636 nunc
260 568 414 640 omnia...
429 569 499 640 Ubi
516 570 629 642 omnia
645 569 772 642 luerint
789 559 829 640 eo
847 568 949 640 modo
962 591 1031 664 quo
1047 569 1131 638 mit·

99 684 472 778 tunturaccotumodata,
483 700 556 758 turn
568 711 648 758 vero
663 686 843 758 edentur.»
855 684 1127 781 (colestem,

96 793 229 912 tiri)
666 859 670 868 ,

139 913 272 986 Concide
298 913 342 984 de
373 919 483 986 Tours
507 916 550 988 de
586 915 689 990 1583.
714 921 830 1016 Lettre
854 913 903 988 du
927 916 1060 1012 synode
1081 943 1131 990 au

89 1051 175 1121 pape
188 1031 355 1128 Gre‘goire
373 1034 476 1104 XIII.
492 1073 542 1088 ·-
559 1062 575 1098 ι
590 1035 616 1104 Α
635 1058 696 1105 sua
715 1033 910 1124 sanctitate,
931 1034 1027 1128 cujus
1036 1033 1132 1128 judi·

94 1143 170 1214 «cio
185 1161 216 1215 et
236 1171 387 1218 censurae
409 1151 523 1218 omnia
547 1149 581 1218 in
608 1149 763 1246 praesenti
780 1147 928 1218 concilio
946 1150 1072 1220 sancita
1097 1164 1132 1220 et

91 1257 252 1333 «definita
280 1263 527 1358 subjiciuntur,
554 1263 696 1361 supplex
723 1263 870 1360 synodus
896 1289 997 1358 quam
1021 1281 1132 1360 potest

9 1463 10 1472 ἵ
58 1403 61 1410 ·
91 1401 105 1437 ι
118 1373 274 1473 efflagitat
293 1377 416 1449 obnixe
431 1394 469 1448 ut
482 1380 650 1476 episcopis
667 1380 865 1475 provinciae,
882 1404 1067 1474 eorumque
1083 1381 1132 1447 vi·

90 1495 223 1586 trariis,
243 1493 448 1566 officialibus
467 1510 501 1565 et
514 1497 782 1592 poenitentiariis,
795 1494 986 1566 facultatem
1005 1496 1048 1565 ab
1065 1495 1134 1564 hc-

87 1612 175 1680 nresi
202 1609 441 1684 absolvendi...
472 1612 657 1684 concedere
686 1612 894 1708 dignetur.»
926 1611 1134 1710 (Odespun,

86 1747 117 1816 p.
136 1724 246 1823 333.)

126 1846 174 1914 La
195 1843 299 1916 lettre
314 1845 357 1916 de
374 1849 426 1918 M.
454 1844 592 1938 Maillri,
623 1845 832 1942 archovdque
858 1844 902 1916 de
928 1847 1060 1938 Tonrs,
1088 1870 1133 1918 au

83 1981 161 2056 prpe
181 1963 354 2058 Gregoire
383 1964 469 2034 XIII
499 1978 549 2034 est
578 1977 657 2057 trop
685 1958 921 2056 remarquable
950 1986 1040 2058 pour
1066 1985 1134 2062 que

82 2097 161 2148 nous
181 2078 264 2148 n’en
283 2079 407 2148 citions
424 2104 486 2174 pas
502 2079 590 2150 aussi
613 2075 777 2174 quelques
799 2078 962 2148 extraits:

122 2191 451 2288 «Quandoquidem
477 2217 599 2264 veroa
627 2207 660 2263 te
687 2217 760 2264 uno
781 2191 967 2288 pendemus
992 2217 1132 2285 omnes,

80 2309 168 2402 «qui
194 2309 301 2380 nobis
320 2309 376 2378 hic
402 2322 440 2378 ut
464 2307 622 2378 membris
642 2309 708 2378 tuis
730 2321 834 2403 caput
851 2318 948 2398 es'...‚
964 2331 1134 2406 quemque

79 2424 242 2496 «Christi
267 2424 408 2496 Domini
438 2425 546 2494 nostri
573 2425 608 2494 in
639 2424 737 2494 terris
768 2423 982 2518 agnoscimus
1010 2425 1132 2520 pieque

77 2565 313 2615 «veneramus
342 2541 524 2631 vicarium,
552 2539 718 2636 quidquid
744 2539 885 2610 omnino
910 2538 1128 2612 elucubravi·

76 2683 200 2748 smus,
230 2684 302 2730 non
331 2659 425 2754 prius
450 2659 485 2726 in
521 2655 633 2728 lucem
663 2655 800 2753 prodire
833 2656 992 2750 patimur,
1028 2681 1131 2751 quam

73 2775 339 2846 «sacratissimo
361 2789 428 2846 tuae
446 2772 634 2844 sanctitatis
651 2769 734 2841 illud
752 2769 977 2846 obtulerimus
987 2771 1132 2866 judicio,

74 2916 88 2951 r
102 2904 140 2959 ut
162 2889 274 2960 veluti
305 2887 347 2958 ad
376 2886 506 2984 lydium
537 2886 590 2958 vel
623 2884 806 2958 heraclium
837 2887 951 2982 potius
982 2885 1131 2984 lapidem

71 3006 319 3100 «probatum,
346 3005 507 3100 omnique
529 3017 749 3100 repurgatum
775 3027 908 3092 errore,
931 3001 1130 3100 dignissimo

69 3150 86 3185 (ι
101 3135 182 3194 tuae·
199 3122 299 3194 vocis
324 3118 463 3192 oraculo
488 3119 629 3209 fultum,
655 3118 907 3214 certissimoque
934 3119 1133 3214 prudentis-

70 3239 183 3311 «simi
205 3239 264 3309 tui
283 3236 413 3308 consilii
433 3234 565 3308 calculo
583 3229 867 3331 comprobatum,
887 3235 994 3306 tutius
1013 3237 1048 3306 in
1065 3237 1130 3308 ho·

67 3355 246 3426 ominum
270 3375 390 3424 manus
408 3352 497 3422 exire
516 3353 656 3447 possit...
1067 3355 1072 3361 ’

115 3499 133 3536 ιι
148 3469 298 3542 Nemini
319 3468 423 3562 igitur
434 3468 557 3539 mirum
579 3491 650 3538 esse
669 3466 837 3558 videatur,
859 3467 896 3548 si,
909 3492 1029 3539 omnes
1048 3494 1133 3550 nos-

67 3615 83 3649 «
102 3600 178 3658 tras
210 3585 367 3658 actiones
385 3583 427 3654 ad
449 3599 600 3656 teunum
623 3599 725 3680 caput
748 3567 905 3654 nostrum
927 3581 1130 3657 referimus:

63 3732 80 3768 «
96 3728 181 3774 cnm
219 3699 260 3771 id
288 3700 352 3769 Dei
375 3715 543 3796 praecepto
568 3699 749 3788 faciamus,
784 3724 892 3794 neque
919 3702 1130 3794 prestantius

62 3847 79 3882 ιι
97 3834 237 3890 nostrae
258 3815 441 3886 adversum
462 3831 496 3886 te
516 3814 714 3884 obedientiae
731 3815 899 3910 specimen
921 3814 1001 3886 dare
1020 3816 1129 3887 valea·

60 3963 195 4024 «mus,
218 3949 258 4004 te
274 3934 414 4028 inquam
431 3957 602 4016 summum
616 3933 769 4000 omnium
786 3931 1046 4002 christianornm
1062 3958 1132 4003 mo-

60 4053 327 4141 uderatorem,
357 4075 459 4144 quam
484 4048 565 4118 dum
596 4062 629 4119 te
649 4045 841 4118 consultore
867 4073 936 4118 nou
961 4047 1068 4119 solum
1088 4051 1131 4122 ab

59 4192 227 4244 terrore
258 4180 291 4240 et
316 4164 413 4240 mulis
440 4165 646 4244 abstinemus
668 4164 753 4264 ipsi,
782 4177 884 4261 atque
909 4163 993 4236 alios
1013 4189 1133 4240 avoca·

936 4287 975 4348 25
