2844 5028
270 380 494 447 ordenamus
518 401 566 472 ou
588 399 740 448 concine
761 401 878 465 anon,
896 401 972 446 arc.
1080 376 1151 474 493

99 523 253 592 auraient
280 549 327 619 pu
358 550 551 621 prononcer
574 525 606 597 la
629 527 819 622 deposition
847 524 925 596 d’un
951 528 1095 622 evdque,
1117 544 1152 598 et

100 635 173 709 n’cn
191 639 353 710 re'fdrera
375 646 483 712 Rome
507 641 664 738 qu’aprds
687 644 781 713 avoir
802 640 900 741 porte
924 641 956 712 la
976 657 1150 734 sentence,
1247 731 1251 737 ⁵

99 755 210 825 tandis
230 781 297 850 que
317 756 436 852 depuis
451 756 491 827 ils
509 774 570 828 ont
584 755 636 827 ete
652 756 781 854 obliges
798 757 873 829 d'en
892 756 1018 829 rele'rer
1031 774 1149 830 avant:

97 871 184 942 voila
198 886 282 942 tout.
300 873 384 943 Mais
403 873 432 941 le
445 874 621 970 jugement
643 873 800 962 delinitis,
814 874 896 944 dans
911 873 957 944 les
970 873 1057 944 deux
1071 899 1146 965 eas,

96 985 289 1084 dependant
308 989 354 1059 du
371 991 500 1084 pontife
520 991 669 1078 romain,
686 987 708 1058 il
728 1006 779 1060 est
799 973 882 1062 clair
905 1015 970 1086 que
993 989 1023 1060 le
1045 991 1149 1061 chan·

96 1120 250 1200 gement,
264 1103 313 1175 s’il
336 1131 355 1175 a
377 1131 421 1176 en
441 1104 528 1192 lieu,
545 1121 595 1176 est
610 1106 652 1176 de
669 1105 759 1181 nulle
774 1108 995 1202 importancc.
1012 1106 1100 1179 C’est
1115 1106 1145 1178 la

95 1222 254 1293 re'llexion
274 1221 321 1292 du
342 1238 462 1294 savam
481 1221 588 1294 Wolf.
984 1307 986 1312 Α

142 1339 310 1410 «Etenim
336 1337 472 1426 relatio,
498 1337 620 1428 dit-il,
643 1339 745 1409 habet
772 1365 888 1410 omnes
913 1339 1146 1435 appellationis

92 1455 282 1543 «effeetus,
313 1455 463 1526 devolvit
489 1470 591 1550 atque
623 1457 725 1526 etiam
757 1455 933 1550 suspendit
960 1458 1144 1528 omnia...

92 1574 238 1662 «Quare
256 1587 391 1642 sanetus
416 1570 566 1667 pontifex
585 1570 745 1642 Nicolaus
755 1573 891 1666 primus
911 1571 992 1642 dum
1014 1573 1144 1671 episco-

91 1713 244 1784 «porum
267 1688 523 1785 degradationes
552 1713 619 1758 non
645 1687 788 1782 amplius
812 1704 887 1783 post
910 1688 966 1758 sed
986 1688 1144 1784 deinceps
1213 1781 1217 1787 1

89 1822 199 1877 «ante
214 1806 328 1877 datam
346 1808 546 1878 sententiam
560 1806 671 1876 voluit
686 1806 863 1890 relerriad
884 1832 978 1876 suam
997 1806 1108 1876 sedem
1124 1831 1141 1875 a

87 1924 370 2020 «provinciarum
390 1922 544 2019 synodis,
564 1923 644 1993 fecit
667 1923 814 2018 aliquam
832 1923 964 2018 antiqui
985 1924 1088 1993 moris
1109 1937 1143 1993 et

88 2041 259 2112 «canonis
277 2041 516 2128 mutationem,
538 2040 596 2109 sed
617 2038 712 2109 valde
728 2041 919 2111 modicam:
942 2066 1021 2110 nam
1040 2041 1141 2110 etiam

86 2160 289 2253 «posterior
304 2156 424 2227 relatio
440 2156 666 2252 suspendebat
689 2158 909 2256 sententiam,
926 2172 959 2227 et
985 2183 1053 2227 non
1076 2157 1140 2228 nisi
1169 2137 1172 2144 ¹

86 2301 179 2372 «per
201 2273 356 2372 papalem
381 2273 674 2344 confirmationem
696 2275 915 2368 permittebat
943 2277 1087 2371 transire
1104 2275 1138 2343 in
1193 2343 1195 2347 .

85 2422 101 2455 u
116 2418 189 2461 rem
199 2391 399 2485 judicatam.
416 2395 459 2460 Et
474 2390 554 2458 hinc
567 2391 720 2461 eruditus
735 2401 768 2461 et
778 2405 908 2460 astutus
923 2390 1138 2458 Remensium
1169 2477 1174 2486 ¹

86 2507 341 2603 «metropolita
361 2507 565 2577 Hinemarus
583 2507 670 2575 dixit
687 2504 948 2602 provincialium
968 2508 1139 2602 episcopo·
1185 2517 1187 2522 '

84 2655 101 2689 u
117 2649 195 2692 rum
218 2622 477 2720 degradationes
495 2648 565 2693 non
586 2647 656 2692 esse
676 2647 791 2692 causas
810 2621 973 2715 majores,
994 2619 1138 2715 ideoque

83 2768 100 2804 ι(
115 2765 179 2810 nee
194 2739 397 2810 referendas.
411 2741 576 2809 Evincere
592 2741 641 2809 sic
655 2739 801 2833 speravit
815 2735 948 2808 Nicolai
963 2736 1136 2806 decretum

83 2885 100 2921 ι(
114 2881 189 2928 esse
208 2857 343 2956 penitus
367 2881 515 2945 novum,
538 2881 576 2925 ao
598 2855 850 2950 provinciarum
875 2851 1011 2947 synodis
1038 2853 1136 2922 nimis

84 2976 339 3070 «injuriosum,
363 2975 506 3070 ideoque
525 2973 886 3044 circumscribendum.
908 2973 1037 3046 Verum
1057 2971 1135 3040 aedi·

82 3122 99 3156 ι(
114 3091 239 3162 ficabat
256 3092 289 3160 in
307 3117 421 3161 arena.
436 3088 698 3161 provincialium
720 3091 809 3158 enim
826 3089 1061 3183 episcoporum
1076 3086 1134 3157 de·

81 3206 269 3304 «gradatio
288 3232 421 3303 semper
438 3207 502 3277 fuit
521 3208 612 3276 inter
637 3206 781 3301 majores
797 3202 952 3276 Ecclesia
974 3227 1134 3274 causas.»

80 3324 190 3419 (TN,
201 3349 278 3421 pag.
301 3322 400 3419 341.)
