2804 5022
263 501 334 574 326
462 507 467 512 ’
604 506 796 572 raorsrnnrn
821 521 966 571 vanarn.

311 653 454 745 Daniel,
472 657 583 750 pratee
598 653 639 723 de
659 639 793 749 l'Eglise
816 651 988 740 d'Orient,
1004 651 1122 720 accuse
1139 647 1180 718 de
1199 646 1298 716 divers

263 773 402 860 crimes,
424 768 533 840 s'c'tait
549 767 678 866 refugit
693 770 775 840 dans
790 769 837 839 ies
853 767 997 856 Gentes,
1014 782 1048 837 et
1062 768 1144 836 &tait
1161 784 1298 860 parvenu

263 887 348 984 as’y
368 886 451 957 faire
474 885 647 956 ordonner
671 887 810 982 evaque.
837 887 906 954 Des
926 898 1085 980 rapports
1112 883 1222 952 forent
1243 903 1301 949 en-

264 1005 365 1099 ‚voyes
377 1028 418 1072 au
432 1025 517 1098 papa
528 1000 674 1073 Celcstin
689 1025 748 1072 sur
761 1002 794 1074 la
805 1002 965 1094 conduite
977 1001 1019 1070 du
1032 1021 1071 1070 ce
1082 998 1302 1069 malheureur.

264 1125 313 1192 Le
332 1143 420 1216 pape
445 1116 595 1189 Celestin
623 1143 658 1188 se
685 1115 829 1216 plaignit
847 1139 913 1189 aux
930 1119 1076 1212 dvdqtres
1099 1116 1159 1185 des
1190 1111 1305 1186 Gaulos

269 1233 371 1328 qu’on
386 1232 468 1303 i’ovit
481 1232 573 1303 eleve'
588 1233 606 1304 a
620 1232 827 1330 i'dpiscopat,
841 1235 972 1327 vivoque
988 1229 1020 1300 ia
1034 1231 1163 1302 causei
1180 1249 1239 1298 son
1255 1227 1307 1297 tri·

267 1348 394 1438 bunal,
421 1375 498 1420 sans
515 1369 556 1418 en
576 1348 692 1419 iaisser
711 1350 742 1420 le
755 1351 951 1446 jugement,
971 1343 1079 1416 meme
1094 1369 1137 1416 en
1152 1343 1308 1442 premiere

269 1467 434 1552 instance,
452 1491 496 1536 au
511 1465 642 1535 concile
653 1466 696 1536 ds
708 1464 738 1536 la
753 1468 914 1562 province
928 1463 973 1534 oia
987 1465 1078 1534 avait
1092 1483 1136 1532 eu
1151 1462 1217 1532 lieu
1231 1475 1309 1529 cette

270 1582 488 1673 ordination,
520 1598 555 1652 ct
584 1583 708 1654 avertit
729 1581 774 1652 les
792 1584 937 1676 duaques
963 1580 1020 1650 des
1044 1578 1173 1650 Gaulos
1198 1575 1239 1648 de
1265 1601 1311 1646 re·

270 1698 362 1767 inser
380 1725 420 1766 en
445 1698 622 1769 attendant
638 1698 712 1769 leur
727 1699 947 1768 communion
965 1699 983 1766 it
1002 1695 1138 1766 Daniel.

323 1837 341 1882 v
362 1817 390 1882 Α
409 1815 595 1884 sanctitatis
614 1831 730 1885 vestrae
750 1829 838 1885 coetu
857 1813 992 1888 interim
1008 1835 1043 1883 sc
1061 1808 1195 1882 noverit
1212 1833 1313 1906 segre-

276 1944 405 2025 gatum,
420 1931 526 2024 quise
540 1947 657 2002 nostro
670 1931 800 2026 judicio
814 1931 914 2000 debet
930 1928 1091 2024 objicere,
1107 1931 1133 1996 si
1151 1929 1314 1998 conscien-

273 2049 327 2118 tia
348 2072 415 2116 suae
429 2049 523 2116 novit
542 2047 781 2118 confidentiam
795 2073 829 2118 sc
846 2062 973 2119 tencre.
991 2067 1007 2115 n
1028 2045 1131 2141 (Chr.
1154 2044 1260 2130 Wolf,
1279 2039 1316 2111 de
1386 2125 1387 2144 ἶ

272 2167 372 2232 Rom.
398 2162 538 2259 appell,
557 2165 609 2234 ch.
637 2164 718 2260 rr.)

322 2280 409 2348 Vers
424 2277 489 2350 l’an
511 2283 602 2376 449,
619 2281 719 2376 appel
732 2281 775 2350 de
791 2275 1002 2368 Theodorei,
1022 2281 1154 2373 aveque
1167 2281 1210 2350 dc
1225 2284 1314 2376 Cyra,

275 2393 441 2466 d’Eusisbe
464 2395 506 2464 de
525 2397 687 2492 Dorylae,
711 2413 744 2466 ct
770 2393 812 2466 de
839 2397 927 2466 saint
947 2395 1107 2487 Flavicn,
1133 2399 1261 2493 cvtque
1284 2395 1319 2464 de

276 2510 569 2606 Constantinople.
580 2513 703 2582 -Ces
719 2511 864 2605 evaques
884 2511 1017 2580 avaient
1035 2507 1089 2580 έῑέ
1106 2509 1249 2622 deposce
1267 2533 1318 2607 par
1387 2505 1388 2560 ἶ

274 2627 305 2697 le
323 2629 403 2698 faux
421 2627 550 2698 concile
564 2629 622 2724 qui
641 2653 660 2698 a
677 2627 731 2698 ἑῑέ
747 2625 941 2698 sumummd
958 2626 989 2697 le
1009 2627 1230 2729 briguuduge
1242 2615 1321 2697 d'd'-

269 2744 395 2842 phase.
415 2748 484 2832 Or,
504 2745 591 2814 voici
613 2771 653 2812 en
676 2741 770 2838 quels
789 2755 911 2813 termes
927 2744 1120 2816 Theodorct
1145 2769 1188 2818 en
1212 2743 1322 2842 appeia

277 2860 296 2930 t
315 2858 403 2930 saint
425 2855 518 2928 Leon
538 2858 569 2928 le
586 2859 728 2929 Grand:
749 2861 827 2931 «Aa
843 2880 907 2955 ego
924 2858 1116 2954 apostolicas
1141 2877 1258 2931 vestras
1278 2885 1321 2928 se·

277 2977 328 3046 dis
347 2988 488 3070 expecto
509 2977 728 3063 sententiam,
746 2991 781 3045 et
798 3000 859 3045 oro
876 2990 979 3069 atque
996 2977 1151 3045 obtestor
1174 2979 1324 3048 sanctita·

279 3108 347 3160 tem
380 3103 473 3159 tuam
506 3102 545 3158 ut
578 3089 659 3158 mihi
691 3105 822 3160 rectum
850 3105 883 3158 et
904 3091 1036 3184 justum
1070 3092 1224 3162 tribunal
1258 3113 1321 3162 ves·

280 3225 371 3278 trum
391 3204 562 3274 invocanti
579 3231 678 3303 opem
696 3206 797 3299 ferat,
821 3209 1005 3302 jubeatque
1023 3207 1065 3278 ad
1086 3229 1150 3279 vos
1171 3197 1321 3280 venire.»

279 3323 412 3418 (Epist.
434 3317 535 3417 115.)
562 3323 736 3393 Re'ite'rant
761 3338 848 3394 cette
875 3323 1039 3393 demando
1065 3324 1149 3396 dans
1181 3324 1214 3396 la
1236 3325 1325 3396 lettre

281 3440 454 3518 suivante,
477 3437 500 3506 il
519 3439 633 3532 ajoute
649 3467 656 3509 ε
674 3469 691 3505 α
706 3441 819 3510 Habet
833 3441 921 3510 enim
936 3443 1146 3511 sanctissima
1164 3441 1224 3513 illa
1240 3440 1325 3511 sedes

280 3552 495 3626 ecclesiarum
516 3579 591 3648 quae
611 3555 644 3623 in
667 3570 738 3625 toto
757 3574 837 3626 sunt
854 3558 936 3627 orbe
950 3555 1193 3653 principatum.
1211 3587 1229 3624 o
1255 3557 1326 3628 Plus

282 3671 367 3762 loin,
389 3671 413 3740 il
432 3672 570 3766 ajoutc:
591 3699 608 3736 v
627 3674 716 3742 Ante
731 3673 844 3743 omnia
861 3687 900 3743 ut
916 3697 936 3744 a
951 3674 1046 3743 vobis
1062 3674 1194 3758 docear,
1211 3699 1271 3746 oro
1288 3695 1326 3744 an

282 3812 338 3859 me
356 3803 512 3884 oporteat
530 3773 563 3858 in
584 3789 648 3858 hac
667 3789 790 3884 injusta
813 3790 1023 3886 depositione
1043 3793 1271 3886 acquiescere,
1288 3810 1326 3860 an

284 3930 354 3974 non
371 3932 378 3972 :
398 3919 541 3974 vestram
561 3905 651 3973 enim
674 3907 875 3976 sententiam
899 3923 1048 4002 expecto.
1069 3907 1173 3996 Quod
1197 3910 1226 3976 si
1245 3907 1328 4001 inju-

279 4021 404 4091 dicatis
423 4045 559 4090 manere
578 4047 632 4091 mc
647 4021 832 4115 jusseritis,
851 4023 1013 4108 manebo;
1026 4043 1135 4118 noque
1149 4022 1211 4092 ulli
1226 4021 1326 4092 horni-

285 4161 367 4210 num
379 4136 536 4232 deinceps
549 4163 606 4208 cru
618 4138 791 4230 molestus,
804 4140 862 4209 sud
877 4156 1005 4210 rectum
1020 4141 1083 4210 Dei
1099 4161 1138 4210 ac
1150 4139 1326 4210 salvatoris

288 4253 391 4322 nostri
413 4253 578 4347 judicium
598 4257 792 4349 expectabo.
814 4260 892 4325 Haec
908 4279 969 4352 per
991 4255 1202 4351 presbyteros
1220 4259 1325 4348 Hypa-
