2910 5038
313 413 382 512 592
650 424 850 502 cinomanna
874 439 1012 488 enarra
1062 449 1066 456 ·

782 682 802 772 ς
826 681 874 750 11.

363 864 513 915 Cire'monial
525 861 568 914 des
579 863 685 934 synodes
694 864 883 936 metropolitains
896 865 927 916 de
938 865 1054 933 linoges,
1067 864 1163 934 d’oprds
1175 885 1205 915 nn
1217 868 1279 915 sicas

561 951 693 1002 mouerit
701 950 732 1002 de
741 949 854 1018 [abbaye
862 951 893 1002 dc
903 950 1095 1003 Scine-Martial.

351 1129 511 1198 P'rinritus
542 1129 724 1226 incipiente
750 1156 893 1218 aurora,
920 1132 1055 1200 missam
1075 1129 1215 1199 audient
1233 1153 1324 1202 omncs
1410 1123 1411 1140 ¹

302 1244 468 1340 cpiscopi;
486 1245 609 1315 deinde
626 1244 831 1318 clarescente
852 1248 918 1337 die,
937 1245 1086 1316 induunt
1100 1273 1136 1343 se
1149 1246 1255 1316 ornati
1273 1269 1326 1312 ves·
1410 1247 1411 1264 ¹

303 1362 453 1430 timentis
477 1386 556 1431 cum
583 1361 699 1458 cappis
725 1364 891 1449 romanis,
915 1378 950 1433 ct
966 1364 1198 1459 unusquisque
1221 1362 1326 1454 virgam

300 1476 504 1573 pastoralem
525 1479 560 1548 in
581 1504 683 1546 manu
701 1493 830 1572 gestat,
847 1495 881 1548 et
898 1494 1025 1550 exeunt
1042 1479 1133 1550 foras
1149 1476 1327 1549 ostiumha-
1369 1463 1371 1470 ¹
1410 1509 1411 1516 κ

301 1593 401 1665 silicae
418 1595 525 1664 sancti
548 1594 711 1689 Stephani
739 1594 782 1664 ad
809 1593 983 1680 Claustra,
1008 1610 1043 1665 et
1069 1593 1186 1666 nullus
1204 1604 1328 1662 remanet

303 1711 338 1780 in
357 1709 507 1796 ecclesia,
525 1726 648 1804 praeter
666 1712 820 1782 ostiarios
829 1727 863 1781 et
878 1711 1035 1782 abbatem
1052 1713 1159 1782 sancti
1177 1707 1327 1782 Martialis.

301 1831 398 1898 Tunc
421 1828 526 1897 abhas
540 1825 664 1898 clamat
688 1828 829 1898 dicens:
847 1827 1048 1900 Procedant
1071 1829 1237 1925 episcopi.
1255 1829 1328 1895 Tunc

303 1944 433 2014 intrant
452 1967 571 2013 omnes
585 1944 735 2039 episcopi
755 1943 927 2034 ordinate,¹
952 1971 1041 2016 unus
1059 1961 1138 2040 post
1157 1941 1329 2030 unum‚ho
1410 1925 1411 2000 l

303 2084 386 2128 nore
401 2085 436 2129 se
459 2059 602 2128 invicem
626 2060 885 2155 praevenientes,
906 2076 941 2131 et
957 2062 1107 2131 resident
1123 2063 1212 2132 sicut
1231 2059 1329 2155 primas

301 2175 550 2246 lemovicensis
565 2174 732 2271 disponit;
751 2191 785 2247 et
802 2177 1093 2272 archiepiscopum
1111 2179 1328 2248 Bituricensem
1410 2261 1411 2276 p

301 2292 509 2386 superiorem
532 2293 692 2363 omnibus
715 2293 830 2363 sedere
848 2293 965 2389 jubet,
985 2294 1064 2388 quia
1082 2294 1327 2388 archiepiscopus
1410 2293 1411 2318 ¹

301 2410 532 2498 Bituricensis,
553 2411 642 2480 sicut
661 2409 849 2504 antiquitus
866 2434 938 2479 mos
950 2424 1013 2498 cst,
1036 2411 1216 2504 primatem
1228 2411 1329 2478 Lemo-

301 2527 466 2598 vicensem
485 2542 681 2616 consecrat,
699 2540 734 2596 et
752 2527 822 2623 ipse
838 2527 1130 2622 archiepiscopum
1151 2527 1258 2622 ipsum
1270 2545 1329 2592 coa·

302 2660 431 2733 secret,
457 2660 492 2714 et
518 2642 631 2714 nullus
650 2642 736 2716 alius
758 2643 1011 2738 episcoporum,
1028 2643 1092 2712 nisi
1116 2643 1207 2716 forte
1231 2641 1329 2736 prinas

302 2760 548 2830 Lemovicensis
564 2762 713 2854 jusserit.

349 2880 447 2948 Tunc
463 2879 573 2947 ornati
592 2876 797 2948 vestimentis
809 2875 927 2964 sacris,
948 2874 1052 2944 abbas
1064 2875 1174 2944 sancti
1191 2865 1329 2944 Martialis
1410 2877 1411 2916 t

302 3017 379 3074 cum
399 2992 474 3063 aliis
491 2993 691 3084 abbatibus,
708 3007 742 3062 et
762 2991 890 3062 habent
902 2992 1013 3087 virgas
1026 2991 1212 3088 pastorales
1231 2991 1263 3058 in
1276 3011 1329 3055 ma-

303 3107 420 3196 nibus,
446 3123 482 3178 et
498 3121 588 3180 stant
609 3109 690 3186 loris
708 3108 751 3177 ad
769 3109 908 3178 ostium.
935 3111 1032 3178 Tunc
1049 3108 1178 3202 primas
1197 3098 1328 3177 Lemovl·
1410 3155 1411 3172 i

306 3223 431 3314 censis,
452 3223 503 3294 vel
521 3221 611 3296 unus
634 3225 677 3294 de
700 3224 867 3320 episcopis
892 3224 948 3294 cui
969 3226 1041 3318 ipse
1060 3224 1221 3317 jusserit,
1244 3213 1328 3316 pergit
1410 3221 1411 3302 ζ

301 3340 344 3410 ad
365 3343 448 3412 ostia
467 3358 501 3412 et
517 3342 623 3414 dicit:
642 3339 826 3412 Accedant
846 3338 1006 3410 abbates.
1027 3333 1125 3408 Tunc
1145 3339 1271 3408 intrant
1286 3331 1329 3400 ab·
1410 3405 1411 3424 χ

300 3457 412 3546 hstes,
432 3484 520 3528 unus
539 3472 618 3553 post
637 3483 765 3546 unum,
786 3458 916 3527 honore
934 3481 968 3524 se
988 3455 1132 3525 invicem
1151 3447 1330 3548 praevenien·

301 3589 371 3663 tes3
393 3589 427 3644 ct
449 3575 605 3656 abbatem
627 3574 733 3645 sancti
754 3571 921 3644 Martialis
934 3571 1032 3667 jubet
1056 3571 1185 3666 primas
1203 3559 1329 3638 Lemovi·
1410 3635 1411 3660 p

302 3690 411 3761 censis
427 3691 524 3784 juxta
551 3717 586 3762 se
608 3691 643 3759 in
669 3689 732 3760 alia
755 3687 915 3786 cathedra
935 3687 1063 3775 sedere,
1082 3689 1116 3758 in
1136 3688 1209 3782 ipsa
1227 3697 1330 3751 corona
1410 3781 1411 3798 p

301 3809 549 3904 episcoporum.
569 3807 663 3888 Alios
687 3807 823 3878 abbates
845 3805 925 3876 facit
948 3806 1064 3875 sedere
1083 3804 1209 3900 primas
1234 3802 1331 3869 Lama

302 3926 459 4015 vicensis,
478 3941 590 4024 prout
608 3923 823 4020 disposuerit.
840 3924 939 3992 Tunc
953 3919 1054 4016 jubet
1077 3918 1330 4031 archidiaconus]
1410 3959 1411 4026 3

303 4066 444 4136 pergere
476 4042 519 4112 ad
547 4043 671 4113 ostium
706 4054 739 4110 et
766 4040 901 4108 dicere:
919 4035 1121 4108 Procedant
1138 4029 1328 4131 presbyten

264 4190 269 4198 ·
299 4160 396 4226 Tunc
430 4157 490 4228 soli
521 4157 704 4260 presbyteri
732 4157 917 4225 introeunt.
944 4151 1076 4234 Deinde
1104 4149 1244 4246 jubente
1275 4137 1328 4234 pri·
