2910 5038
521 458 767 522 censuerim.
916 483 919 490 ⁴
1098 445 1163 518 561

172 600 343 694 Quoniam
368 597 460 672 zelus
480 599 601 672 domus
622 617 688 672 tuae
706 599 945 685 comedit-me,
964 581 1026 668 *et
1045 623 1171 694 oppro-

126 718 195 787 bria
209 717 494 813 'exprobrantium
513 719 575 788 tibi
592 718 786 790 ceciderunt
800 742 902 813 super
918 731 981 785 me.

171 837 214 908 Et
232 833 348 929 operui
368 834 404 902 in
425 833 556 928 jejunio
571 835 716 906 animam
732 858 863 923 meam3
892 831 906 862 *
928 847 961 902 et
980 832 1173 901 factumest

126 947 158 1016 in
176 949 394 1046 opprobrium
415 952 512 1024 mihi.

168 1068 212 1136 Et
247 1069 345 1162 posui
370 1068 604 1141 vestimentum
631 1095 742 1140 meum
767 1067 938 1140 cilicium:
971 1067 1032 1136 *et
1063 1066 1171 1136 factus

123 1206 194 1252 sum
216 1180 281 1253 illis
304 1183 339 1252 in
356 1183 563 1280 parabolam.

169 1298 357 1370 Adversum
377 1326 431 1370 me
448 1299 675 1397 loquebantur
702 1302 761 1398 qui
785 1301 945 1372 sedebant
967 1301 1000 1370 in
1021 1316 1138 1397 porta3
1159 1298 1174 1328 *

120 1417 206 1486 etin
231 1443 286 1487 me
304 1415 492 1513 psallebant
504 1419 561 1514 qui
577 1418 738 1489 bibebant
756 1419 884 1488 vinum.

168 1537 243 1630 Ego
258 1559 339 1604 vero
357 1536 546 1604 orationem
565 1559 673 1604 meam
690 1533 733 1606 ad
755 1549 806 1622 te,
825 1533 994 1604 Domine:
1014 1532 1174 1630 *tempus

118 1651 336 1746 beneplaciti,
355 1655 462 1722 Deus.

166 1771 207 1837 ln
223 1765 445 1838 multitudine
464 1768 699 1840 misericordiae
715 1783 781 1840 tuae
795 1767 919 1840 exaudi
934 1793 1007 1859 me,
1027 1767 1042 1797 *
1064 1769 1099 1838 in
1118 1792 1175 1837 ve-

116 1883 219 1953 ritate
235 1883 444 1955 salutistuae.
789 1877 791 1881 ¹
1073 1961 1076 1966 ,
1138 1889 1148 1902 ’

163 2001 272 2096 Eripe
292 2026 345 2070 me
364 2000 517 2093 deluto,
538 2017 662 2072 utnon
679 2003 802 2100 infigar
820 2029 828 2072 :
856 2002 988 2072 *libera
1010 2027 1063 2072 me
1079 2001 1121 2071 ab
1137 2002 1176 2071 iis

114 2118 174 2212 qui
195 2117 348 2188 oderunt
366 2144 440 2206 me,
454 2125 491 2189 'et
510 2119 551 2190 de
566 2119 745 2216 profundis
759 2145 934 2215 aquarum.

158 2238 243 2307 Non
261 2261 316 2304 me
342 2217 513 2332 demergat
530 2251 708 2332 tempestas
731 2263 843 2332 aquae,
868 2237 979 2331 neque
1001 2237 1178 2306 absorbeat

112 2377 168 2422 me
196 2349 433 2448 profundum,
463 2349 478 2380 ⁴*
504 2377 614 2447 neque
630 2343 764 2448 ‘urgeat
789 2377 890 2446 super
915 2378 969 2422 me
992 2367 1112 2446 puteus
1140 2377 1203 2448 os*

111 2492 229 2540 suum.
590 2537 592 2541 .

158 2583 300 2656 Exaudi
317 2607 387 2671 me,
412 2583 575 2670 Domine,'
586 2585 746 2678 quoniam
758 2583 904 2680 benigna
921 2599 973 2653 est
987 2582 1177 2652 misericor·

108 2701 165 2771 dia
194 2717 282 2772 tua:
310 2700 323 2730 *
348 2699 534 2770 secundum
555 2699 807 2770 multitudinem
826 2697 1081 2770 miserationum
1103 2714 1177 2768 tua-

106 2845 191 2890 rum
212 2819 346 2913 respice
360 2819 395 2887 in
411 2842 476 2888 me.
1120 2901 1123 2906 Ι

153 2941 203 3010 Et
230 2961 277 3006 ne
305 2949 434 3004 avertas
462 2933 580 3004 faciem
600 2948 693 3003 tuam
711 2959 730 3003 a
748 2957 853 3029 puero
868 2948 951 3004 tuo:
979 2933 995 2965 *
1013 2936 1174 3030 quoniam

104 3051 283 3140 tribulor,
300 3048 459 3120 velociter
473 3050 670 3120 exaudime.

155 3166 317 3242 Intende
335 3167 455 3236 animae
469 3192 562 3254 meae,
579 3181 612 3236 et
629 3165 734 3236 libera
750 3191 824 3236 eam
841 3193 849 3237 :
876 3167 891 3199 '⁶
907 3167 1047 3262 propter
1066 3166 1175 3237 inimi-

101 3283 477 3378 mmmmm.

157 3408 219 3473 Tu
238 3401 307 3470 scis
324 3400 567 3496 improperium
585 3416 761 3492 menm‚et
776 3401 1009 3472 confusionem
1027 3425 1149 3490 meam,
1162 3399 1178 3432 *

97 3535 134 3592 et
154 3517 396 3590 reverentiam
415 3541 534 3586 meam.
886 3597 888 3603 A

153 3642 199 3708 ln
216 3621 408 3727 conspectu
429 3647 488 3703 tuo
504 3647 585 3702 sunt
599 3656 715 3702 omnes
730 3632 787 3728 qui
805 3631 970 3704 tribulant
988 3659 1061 3704 me:
1081 3633 1095 3664 *
1115 3634 1176 3704 im·

95 3752 317 3852 properium
332 3750 516 3844 expectavit
532 3756 730 3836 cormeum,
745 3763 779 3819 et
798 3750 977 3820 miseriam.

150 3872 205 3939 Et
228 3865 379 3934 sustinui
399 3865 457 3957 qui
483 3862 585 3933 simul
608 3865 878 3951 contristaretur,
908 3881 942 3934 et
962 3891 1029 3934 non
1056 3864 1175 3953 fuit3*
1221 3890 1223 3894 ·

93 4003 132 4057 et
152 3985 221 4081 qui
241 3979 490 4068 consolaretur,
509 3997 542 4051 et
563 4007 630 4050 non
645 3981 771 4052 inveni.

151 4107 200 4174 {tt
222 4095 401 4168 dederunt
420 4097 455 4168 in
469 4123 578 4168 escam
595 4106 701 4168 meam
724 4098 789 4187 fel;
808 4100 823 4130 *
842 4113 875 4169 et
894 4101 928 4172 in
947 4100 1001 4170 siti
1016 4125 1091 4170 mea
1110 4125 1176 4196 po-

92 4227 286 4294 taverunt
301 4229 470 4286 menoeto.

980 4341 1019 4394 86
