2910 5038
300 468 371 578 598
641 485 839 570 omousius
863 511 1006 558 ranam.

290 627 435 724 subulis
450 633 514 704 nel
527 634 655 706 risibus
668 639 740 736 ogi,
756 651 802 727 ot,
832 637 928 735 qurrd
941 655 997 710 est
1010 637 1174 727 deterius,
1190 635 1325 709 obstinu-

300 750 347 818 tis
371 752 689 823 concertationibus
707 754 941 826 tremultuosns
961 780 1071 826 voces
1092 755 1285 853 effundere:
1301 757 1328 824 si
1425 759 1426 762 ’

299 869 382 962 ptris
402 871 508 956 enim,
530 885 570 938 ut
589 871 781 966 Apostolus
793 873 858 955 uit,
871 887 982 968 putat
996 893 1036 942 se
1059 873 1252 970 religiosum
1267 897 1327 941 esse
1425 931 1426 974 ᾗ

298 1009 369 1054 non
383 981 581 1078 refiarrums
594 986 752 1085 linguatu
768 1013 884 1070 strum,
898 987 964 1056 sed
973 989 1148 1059 seducens
1158 1015 1218 1059 cor
1230 1014 1325 1074 stum,

300 1099 404 1197 liujus
430 1127 529 1172 vorm
557 1118 613 1173 est
633 1102 780 1200 religio:
803 1101 935 1174 cultum
954 1106 1048 1174 enim
1080 1119 1184 1174 suum
1203 1103 1327 1202 justitio

293 1215 424 1312 perdit,
445 1217 588 1316 quando
610 1219 791 1292 silentium
798 1217 932 1318 judicii
949 1219 1225 1318 obstrepentium
1245 1218 1328 1292 turbu
1425 1243 1426 1264 ¹

298 1331 495 1430 eorrsurnlrl,
518 1351 584 1406 ete.

357 1451 455 1521 Tunc
489 1451 579 1520 dicat
606 1449 756 1546 pontifex
789 1452 878 1520 hatte
909 1453 1181 1522 exhortationem
1199 1478 1212 1536 τν
1240 1453 1328 1536 Eece,
1425 1455 1426 1476 ¹

300 1567 519 1656 sanctissimi,
537 1569 717 1662 praemissis
732 1569 806 1636 Deo
826 1568 992 1664 precibus,
1011 1547 1255 1637 baternitatem
1271 1588 1329 1632 ves·

301 1698 386 1753 tram
415 1710 491 1754 cum
522 1689 575 1782 pia
609 1685 842 1756 exhortatione
860 1681 1044 1772 convenio,
1063 1703 1097 1756 et
1116 1711 1177 1781 per
1199 1683 1329 1790 divinup

300 1825 424 1870 nomen
442 1803 603 1892 obtestor,
623 1818 660 1872 ut
681 1827 719 1872 ea
736 1829 810 1899 quae
830 1801 872 1871 de
891 1803 1001 1888 nobis,
1020 1803 1062 1872 de
1080 1805 1168 1894 Deo,
1188 1803 1228 1872 de
1246 1797 1330 1868 sacris
1425 1799 1426 1836 ³

301 1915 487 2002 ordinibus,
501 1916 551 1986 vel
577 1920 701 1986 nostris
720 1917 873 1986 moribus
890 1917 986 1986 vobis
1004 1917 1131 1987 luerint
1158 1917 1255 2004 dieta,
1268 1937 1329 1982 eun

301 2033 394 2100 omni
414 2035 537 2126 pietate
559 2035 759 2126 suscipiatis,
782 2049 815 2104 et
842 2059 918 2103 cnm
937 2057 1070 2105 summa
1093 2033 1272 2103 reverentia
1289 2031 1331 2097 ln·

303 2148 404 2216 tentis
430 2149 569 2218 auribus
598 2148 804 2237 attscultetis,
836 2165 923 2251 etc.²
943 2166 981 2219 ut
1004 2151 1039 2219 in
1057 2151 1178 2221 ordine
1197 2165 1331 2218 romano.

300 2265 398 2332 Tunc
425 2263 572 2334 recitatis
591 2266 782 2347 sententiis,
802 2267 942 2361 incipiat
964 2265 1147 2336 concilium
1175 2261 1331 2362 celebrari.

300 2383 386 2448 ltem
414 2379 455 2448 de
479 2381 771 2475 contemptoribus
794 2406 962 2450 canonum
991 2381 1026 2450 in
1045 2380 1212 2479 Toletano
1239 2384 1334 2452 conci·

302 2495 348 2564 lio
361 2521 433 2568 vn:
453 2500 492 2566 Si
508 2500 589 2594 quis
602 2513 725 2568 couno
740 2521 783 2567 ea
802 2521 884 2596 quoe
899 2500 936 2566 t'n
957 2513 1081 2568 sancto
1095 2498 1242 2568 cunctim
1261 2495 1332 2588 dest-

299 2613 453 2697 ruuntur,
471 2616 681 2684 temerarius
693 2613 850 2685 vtolotor
862 2616 1046 2704 exstiterit,
1062 2617 1334 2684 communiones

300 2727 431 2798 honore
447 2729 645 2800 mulctetur.

320 2927 322 2931 ⁸
349 2845 538 2916 Genecleus
555 2848 731 2941 episcopus
754 2846 855 2916 dixit:
875 2846 1000 2916 Omnia
1023 2871 1104 2941 ergo
1123 2871 1200 2942 quae
1219 2871 1238 2916 a
1260 2857 1333 2914 coetu

302 2961 543 3058 gloriosissimo
558 2977 682 3032 statuta
697 2976 788 3047 sunt,
806 2961 916 3058 placet
929 2961 972 3032 ab
987 2963 1148 3032 omnibus
1169 2958 1335 3033 custodiri?

301 3062 353 3146 Ab
371 3079 535 3175 episeopis
557 3077 715 3148 omnibus
734 3075 863 3148 dictum
886 3093 952 3150 est:
973 3076 1086 3150 Placet
1102 3093 1139 3147 ut
1158 3075 1336 3150 custodian·

302 3211 359 3265 tur
376 3197 419 3265 ab
438 3197 609 3266 omnibus.

349 3310 537 3383 Genecleus
560 3313 858 3410 episcopusdixit:
881 3313 935 3404 Si,
958 3311 1048 3406 quod
1073 3337 1135 3382 nos
1153 3313 1334 3410 opinamur,

302 3428 343 3497 ab
374 3427 489 3522 aliquo
521 3428 647 3498 luerint
666 3426 789 3499 violata
819 3454 894 3524 quoe
926 3430 1092 3515 statuitis,
1122 3431 1206 3524 quid
1233 3427 1334 3498 debeat

300 3531 394 3616 lieri?
422 3545 473 3614 Ab
500 3545 663 3614 universis
686 3546 853 3640 eplscopis
879 3545 1102 3614 dictumest:
1131 3547 1202 3638 Qui
1230 3558 1333 3616 contra

301 3686 395 3732 suam
415 3659 658 3756 professionem
683 3658 734 3730 vel
753 3660 1036 3760 subscriptionem
1052 3663 1203 3751 venerit,
1223 3665 1288 3758 ipse
1299 3655 1333 3727 ab

299 3779 365 3848 hoe
386 3792 474 3848 coetu
491 3802 526 3846 se
544 3777 726 3874 separabit.

662 3959 706 4026 In
716 3957 800 4048 fine
821 3954 971 4029 concilii.

347 4109 481 4178 Divinae
499 4105 675 4178 Trinitatis
698 4107 920 4202 inseparabile
936 4131 1075 4196 numen,
1096 4109 1183 4178 sicut
1204 4103 1331 4200 inspira·

300 4223 393 4292 tione
411 4221 557 4292 mirabili
581 4237 735 4292 nostrum
755 4237 938 4296 tractatum
963 4224 1151 4320 primordio
1176 4219 1332 4292 illumino·
