2804 5022
218 487 367 547 eoncma
385 497 491 548 rnov.
508 499 578 548 ran
595 499 760 550 naraon
774 499 821 550 an
836 501 864 551 s.
880 484 990 552 sitan.
1067 477 1137 550 235

92 625 192 720 (uon
202 628 382 714 Constant,
390 625 551 723 Epistulae
564 631 797 700 Romanorum
812 627 1011 726 pontificum
1027 632 1138 728 praef„

92 763 160 835 pag.
180 765 263 828 xtv;
282 744 395 832 Paris,
420 743 541 840 172¹.)
1135 765 1136 768 ’

132 854 214 926 L’an
239 855 322 942 342,
342 856 493 948 Marcel,
514 857 643 952 evaque
664 855 854 956 d’lnoyre,
880 860 964 932 ecrit
987 860 1073 932 ainsi
1096 887 1139 934 an

90 995 169 1068 pape
186 971 284 1044 Jules
301 970 372 1043 1²¹2

130 1118 148 1154 r
167 1092 259 1166 Cum
280 1087 437 1160 nonnulli
462 1115 502 1160 οι
521 1091 562 1161 iis
584 1091 663 1184 qui,
689 1089 782 1184 quod
807 1115 876 1160 non
898 1106 991 1162 reete
1015 1091 1131 1162 onde-

88 1233 102 1272 r
120 1220 220 1294 runt,
241 1220 339 1276 anteo
351 1203 568 1276 medemur·
586 1221 684 1294 runt,
702 1207 829 1301 quiquo
842 1231 864 1280 a
876 1232 931 1276 me
945 1209 981 1278 in
998 1209 1136 1283 Nictena

89 1321 250 1418 «synodo
276 1323 420 1392 convicti
445 1336 541 1410 sunt,
570 1337 689 1394 eontra
717 1349 770 1394 me
793 1322 836 1391 ad
860 1323 1019 1418 pietatem
1042 1340 1136 1402 tuam

91 1439 268 1508 «scribere
288 1463 355 1506 non
376 1436 607 1508 dubitaverint
624 1463 761 1508 menon
777 1453 866 1509 reete
883 1463 991 1533 neque
1009 1463 1138 1511 secun-

88 1555 199 1626 «dum
225 1554 381 1650 Ecclesiae
404 1555 591 1626 doctrinam
613 1555 749 1645 sentire,
771 1558 899 1626 crimen
916 1582 1014 1652 suum
1035 1559 1068 1628 in
1086 1585 1139 1630 me

89 1673 264 1742 «nitentes
280 1672 482 1759 tran'sferre3
498 1687 675 1768 propterea
691 1674 878 1742 necessario
896 1673 977 1742 mihi
995 1675 1138 1744 Romam

1 1774 2 1853 l
87 1787 323 1857 «veniendum
345 1801 380 1855 et
400 1801 434 1856 te
449 1787 737 1872 summouendum
751 1789 889 1883 putari,
912 1811 981 1884 quo
1002 1813 1059 1858 eos
1078 1791 1138 1886 qui
1241 1848 1245 1854 .

1 1961 2 1964 ,
88 1918 238 1973 «contro
259 1925 315 1972 me
332 1903 542 1998 seripserunt
560 1925 771 1972 aeosrserost
794 1917 833 1972 nt
852 1929 932 1973 oum
956 1906 1137 1992 venissent,

88 2019 159 2089 ade
184 2019 356 2098 duobusa
374 2041 428 2088 me
442 2021 749 2108 sonninoersntur3
772 2034 806 2088 et
825 2017 883 2089 illa
909 2019 1034 2090 seilicet
1057 2019 1139 2092 salsa

88 2162 188 2206 nesse
204 2159 281 2230 quae
301 2137 335 2204 in
356 2159 410 2204 me
427 2133 656 2232 seripserunt,
677 2150 715 2206 et
740 2155 797 2206 eos
819 2135 930 2206 adhue
947 2138 981 2205 in
997 2137 1153 2231 pristino·

88 2277 236 2322 «emere
250 2275 475 2348 perseverare.
497 2251 564 2322 set
583 2275 662 2321 eum
680 2250 727 2320 illi
743 2253 859 2321 venire
878 2250 1068 2343 noluerint,
1093 2267 1141 2321 ta-

89 2399 103 2431 «
122 2369 219 2437 metsi
236 2367 450 2462 presbyteros
465 2367 507 2436 ad
524 2368 613 2461 ipsos
628 2367 777 2458 miseris,
795 2392 859 2461 ego
874 2392 953 2436 vero
966 2391 1057 2435 anno
1073 2392 1141 2436 uno

90 2501 223 2578 «atque
251 2481 392 2578 integris
421 2483 529 2554 tribus
564 2481 736 2552 mensibus
766 2481 885 2552 Romae
915 2495 1142 2553 commoratus

4 2639 5 2668 ;
91 2602 260 2690 «luerim,
285 2599 512 2675 necessarium
527 2598 620 2687 duxi,
639 2601 835 2694 priusquam
856 2599 935 2668 hine
950 2599 1141 2693 proficisce-

91 2743 197 2808 «rer,
229 2715 308 2786 fidei
340 2741 421 2785 mete
449 2715 696 2811 professionem
728 2739 806 2786 cnm
832 2717 925 2786 omni
952 2716 1142 2787 sinceritate

91 2859 202 2911 «maa
227 2857 331 2903 manu
362 2829 583 2928 per-seriptum
614 2829 677 2900 tihi
708 2831 858 2918 tradere,
881 2831 1014 2928 qualem
1040 2831 1142 2902 didioi

92 2979 106 3015 α
126 2967 227 3046 atque
243 2969 285 3018 ea
303 2948 429 3018 divinis
447 2948 633 3042 Scripturis
649 2947 893 3018 ednotus-sum.
911 2975 928 3023 n
947 2947 1140 3044 (Constant,

92 3089 122 3161 r·
146 3062 247 3163 390·)

136 3179 295 3269 «lullus,
307 3178 565 3250 eeclesiasticam
586 3178 694 3276 legem
716 3193 863 3268 secutus,
882 3193 917 3250 st
930 3178 1020 3272 ipsos
1037 3183 1141 3250 Euse-

93 3297 241 3368 rbianos
257 3299 402 3369 Romam
414 3295 528 3366 venire
539 3295 654 3388 jussit,
668 3310 701 3364 et
717 3296 941 3368 Athanasium
954 3295 997 3364 nd
1007 3321 1141 3366 eausam

95 3411 303 3482 «dicendum
326 3411 525 3482 evocavit.»
545 3408 773 3506 (Theodora,
794 3413 881 3485 Hist.
906 3411 1004 3503 seul,
1031 3409 1086 3482 liv.
1105 3439 1138 3498 n,

97 3527 187 3624 chap.
204 3526 272 3625 Δ.)

139 3641 218 3714 L’an
241 3640 328 3740 371,
342 3641 431 3711 saint
446 3641 554 3712 Basile
570 3645 714 3739 oonjnre
736 3643 768 3714 la
786 3669 873 3740 pape
891 3644 978 3714 saint
997 3644 1142 3714 Damase

98 3756 249 3841 devenir
276 3783 319 3839 au
335 3780 475 3828 seeours
494 3758 551 3829 des
573 3755 693 3855 eglises
708 3759 869 3832 rl’Orient
887 3756 1058 3829 lbranlees
1079 3781 1142 3854 par

99 3870 259 3967 l'hlre'sie‚
280 3890 315 3944 et
329 3873 370 3942 de
392 3872 440 3944 les
453 3873 535 3947 faire
554 3876 670 3955 visitur
682 3901 743 3972 par
755 3875 813 3946 des
826 3875 941 3972 ligate.

142 4021 157 4056 α
174 3994 293 4063 Omnis
309 4015 394 4086 pene
406 3991 539 4080 Oriens,
550 4006 645 4086 pater
658 3991 903 4082 colendissimo,
920 3997 1047 4091 ingenti
1065 4009 1142 4092 pro·

101 4107 210 4179 «cello
231 4124 266 4178 et
286 4119 485 4202 tempestate
511 4108 701 4203 exagitatur
704 4157 767 4180 .....
784 4113 955 4182 Horumoe
974 4111 1141 4183 malorum

104 4227 266 4296 «unicum
295 4247 366 4296 esse
392 4221 578 4296 remedium
601 4223 760 4294 duximus
783 4241 899 4296 vestrae
927 4229 1142 4302 commisera-
