2804 5022
269 431 340 518 324
610 436 804 502 rnorsrirnra
830 453 967 502 rtnrra.

269 583 402 678 peecard
427 582 460 652 in
482 598 636 653 sanctum
667 585 728 654 Dei
749 582 795 680 (il
821 582 915 680 parie
940 583 982 652 de
1010 582 1099 652 saint
1119 581 1241 652 Martio
1268 561 1305 648 de

266 698 404 792 Tours),
422 713 454 768 et
473 723 551 768 eum
563 696 708 770 delirum
727 724 766 770 ac
782 713 952 770 amentem
966 721 1054 794 saepe
1069 697 1203 787 rocavi,
1219 695 1308 789 cujus

268 815 387 886 videos
406 816 548 888 virtutes
577 841 648 888 non
666 817 792 888 credidi
798 869 870 890 .....
895 820 940 888 At
956 817 1105 888 Briccius
1131 816 1309 913 episcopus,

157 980 162 987 -
267 936 411 1003 Romam
429 931 580 1023 veniens,
601 948 724 1004 cuncta
743 957 817 1029 quae
837 933 1027 1030 pertulerat
1045 957 1141 1030 papae
1156 929 1255 1001 refert
1257 983 1309 1001 .....

268 1038 423 1146 Septimo
452 1050 557 1146 igitur
578 1075 751 1147 regressus
769 1075 861 1120 anno
882 1074 902 1121 a
919 1052 1050 1138 Roma,
1073 1071 1151 1119 cum
1170 1046 1335 1133 auctori·¹
1370 1075 1374 1084 ¹

267 1179 337 1236 tate
357 1191 452 1263 papae
471 1165 573 1254 illius,
586 1167 740 1237 Turones
755 1166 869 1236 redire
887 1165 1050 1260 disponit.
1065 1206 1108 1220 —-
1125 1167 1168 1234 Et
1184 1164 1312 1233 veniens

268 1281 311 1352 ad
333 1282 445 1352 vicum
473 1275 571 1378 cujus
591 1307 719 1354 nomen
745 1297 798 1354 est
817 1282 1076 1371 Laudiacum...,
1108 1279 1313 1351 mansionem

267 1399 409 1494 accepit.
423 1400 620 1471 Armentius
636 1421 717 1470 vero
736 1395 831 1470 febre
849 1399 1034 1494 corripitur
1046 1401 1081 1468 et
1094 1397 1209 1468 media
1222 1409 1314 1466 nocte

267 1515 423 1612 spiritum
438 1512 615 1586 exhalavit.
639 1514 743 1604 Quod
762 1515 919 1610 protinus
935 1515 1067 1585 Briocio
1083 1513 1245 1611 episcopo
1260 1531 1315 1606 per

268 1630 376 1703 visum
395 1630 594 1702 revelatum*
605 1645 670 1702 est.
690 1632 760 1722 Qui
775 1632 823 1701 ait
841 1632 929 1702 suis:
943 1631 1081 1727 Surgite
1104 1629 1267 1716 velocius,
1284 1641 1316 1696 ut

269 1746 311 1818 ad
327 1747 568 1818 tumulandum
578 1747 718 1818 fratrem
731 1761 885 1818 nostrum
899 1747 1111 1818 Turonicunr
1125 1746 1317 1842 pontificem

269 1887 498 1934 occurramus.
516 1869 670 1959 Cumque
693 1862 740 1933 iiii
758 1864 932 1934 venientes
949 1876 1084 1960 portam
1106 1863 1255 1934 civitatis
1275 1863 1319 1930 in·

268 1979 507 2073 grederentur‚
527 2005 604 2052 ecce
622 1981 725 2050 istum
742 2005 803 2076 per
814 1978 915 2052 aliam
933 1996 1067 2077 portam
1080 1969 1257 2051 mortuum
1277 1977 1319 2048 ef·

266 2092 432 2166 ferebant.
454 2097 535 2187 Quo
558 2095 705 2192 sepulto,
723 2096 917 2168 Briociusin
930 2095 1127 2167 cathedram
1152 2121 1248 2168 suam
1268 2121 1319 2165 re·

266 2233 399 2305 gressus
418 2227 490 2296 est,
509 2198 636 2307 septem
665 2228 784 2308 postea
808 2211 952 2283 feliciter
966 2212 1084 2284 vivens
1096 2237 1223 2286 annos.
1243 2243 1259 2279 r>

314 2326 420 2422 Appel
439 2328 482 2398 de
499 2326 683 2418 Celestius,
702 2329 817 2424 pretre
837 2329 1074 2399 excommunic
1091 2354 1157 2424 par
1177 2355 1225 2400 un
1244 2353 1319 2400 con·

254 2442 328 2514 ciie
345 2443 530 2540 d’Afrique.
552 2483 602 2500 -
625 2449 687 2516 Cet
713 2442 891 2541 here'tique
912 2446 1004 2517 avait
1028 2469 1070 2515 eu
1092 2445 1221 2542 Pe'lage
1239 2469 1319 2542 pour
1346 2525 1348 2530 Ι
1390 2456 1391 2464 ’

267 2558 401 2653 maitre,
419 2576 453 2633 et
469 2561 652 2655 s'efforpait
665 2562 709 2632 de
723 2560 890 2657 repandre
902 2560 1058 2633 i’hdrdsie
1073 2561 1159 2632 dans
1178 2561 1227 2632 les
1245 2585 1318 2658 pro·

267 2675 380 2746 vinces
396 2674 584 2772 d’Afriqne.
601 2675 741 2768 Paulin,
760 2677 873 2748 diacre
891 2675 934 2748 de
952 2677 1040 2748 saint
1059 2677 1265 2767 Ambroise,
1284 2675 1320 2744 si·

266 2789 367 2888 guala
387 2791 434 2862 ies
462 2817 598 2863 erreurs
622 2792 665 2862 de
686 2789 852 2864 Celestius
873 2819 938 2864 aux
961 2794 1104 2888 drdques
1132 2793 1317 2878 afrienus,

265 2909 323 3002 qui
346 2933 381 2978 se
400 2909 577 2979 reunirent
594 2933 635 2978 en
653 2908 796 2998 concile,
822 2910 1049 3006 proposierent
1064 2910 1083 2980 d
1096 2907 1267 2980 Celestius
1282 2907 1318 2975 de
1389 2925 1390 2928 ’

268 3025 431 3092 retracter
452 3023 499 3093 les
525 3050 660 3095 erreurs
686 3025 789 3119 qu’ou
819 3024 987 3096 l'accusait
1015 3025 1057 3094 de
1083 3022 1275 3119 ruipandre,
1291 3037 1321 3091 et

268 3163 327 3206 sur
342 3164 403 3208 son
417 3139 508 3208 refus
521 3137 869 3211 l’excommuniierent.
889 3140 978 3211 C'est
991 3139 1122 3212 Marius
1130 3143 1318 3225 Mercator,

268 3253 358 3356 i’arni
376 3254 418 3325 de
433 3257 522 3326 saint
541 3257 722 3353 Angustin,
738 3239 799 3352 'qui
819 3281 905 3327 nous
922 3282 942 3326 a
968 3258 1131 3327 conserve
1151 3283 1211 3327 ces
1230 3257 1317 3341 faits,
1388 3339 1389 3346 ἵ

266 3384 301 3438 et
318 3386 372 3440 cet
385 3386 506 3442 auteur
523 3372 662 3467 ajoute:
688 3376 744 3444 «A
761 3399 828 3469 qua
848 3374 1016 3444 sententia
1032 3373 1075 3443 ad
1094 3375 1245 3444 Romani
1259 3372 1321 3466 epi·
1388 3379 1389 3416 ³

266 3488 358 3583 scopi
368 3513 508 3559 examen
525 3488 669 3559 credidit
687 3488 944 3586 appellandum.
960 3489 1031 3580 Qui
1049 3513 1126 3558 mox
1141 3489 1248 3579 idem,
1266 3512 1320 3582 ap·

266 3602 447 3700 peliatione
472 3604 642 3702 neglecta,
663 3607 836 3701 Ephesum
859 3607 946 3678 Asiae
969 3605 1088 3676 urbem
1119 3605 1319 3688 contendit,
1387 3663 1388 3674 ,

265 3719 379 3816 ibique
397 3748 498 3793 ausus
515 3737 564 3792 est
583 3747 644 3818 per
664 3725 904 3820 obreptionem
922 3721 1034 3792 iooum
1053 3721 1258 3816 presbyterii
1270 3744 1322 3814 pe·

265 3851 345 3908 tere.
362 3869 378 3902 n
401 3839 531 3908 Marius
547 3842 722 3910 Mercator
749 3856 888 3910 raconte
907 3839 1038 3908 ensuite
1064 3852 1240 3908 comment
1260 3836 1319 3906 Ce'·

263 3950 391 4040 leuius,
415 3950 534 4023 s'dtant
550 3954 652 4024 retine
671 3954 688 4023 a
708 3952 1014 4048 Constantinople,
1038 3966 1072 4022 et
1089 3978 1131 4022 en
1149 3968 1255 4048 ayant
1268 3949 1318 4020 e‘td
1387 3929 1388 3948 Χ

265 4070 397 4140 bientdt
416 4070 544 4156 chassc',
560 4070 634 4140 vint
653 4071 671 4140 a
696 4075 804 4140 Rome
824 4095 946 4166 poury
963 4067 1095 4140 donner
1117 4069 1208 4140 snite
1225 4069 1244 4137 a
1262 4089 1317 4136 son

266 4184 382 4282 appel,
413 4198 448 4254 et
473 4201 665 4273 comment,
687 4185 814 4282 effraye
837 4212 897 4282 par
921 4185 970 4258 les
992 4183 1257 4280 interrogatione
1273 4182 1314 4250 du
