2928 5000
281 409 306 499 6
628 425 814 494 rnnurban
838 441 980 492 rsnrrc.

281 592 377 649 ment
394 573 453 646 des
476 587 564 645 muts
577 571 764 643 concilium
773 585 807 642 et
815 567 988 666 symdus3
1007 567 1091 638 mais
1109 567 1131 638 it
1154 565 1239 640 n'est
1253 565 1330 664 pius

281 689 499 788 majourd'hui
516 687 654 785 d’usage
674 686 842 782 d’appeler
858 684 1010 758 concilcs
1029 684 1077 756 les
1095 685 1237 780 synodes
1259 685 1333 754 dio·

281 807 454 880 cessione
472 805 614 902 Proprie
628 819 761 892 tamen,
787 803 838 873 dit
859 801 1055 872 Jacobutius
1072 801 1168 897 apres
1187 801 1334 872 d'autres

282 938 442 1010 auteurs,
459 950 476 986 «
496 919 643 1017 synodus
666 919 791 990 dicitur
808 917 865 988 illa
887 917 1108 1013 congregatio
1132 943 1232 1011 quam
1253 917 1333 986 facit

282 1039 460 1136 episeopus
475 1063 552 1108 cum
569 1033 715 1132 prmlatis
725 1035 793 1106 suis
806 1049 841 1106 et
855 1032 986 1104 clericis
1004 1059 1073 1104 suae
1091 1033 1252 1104 dioecesis.
1264 1031 1333 1128 (De

282 1157 408 1244 Cone,
426 1151 448 1222 l.
466 1177 493 1241 r,
511 1150 635 1239 Coleti,
653 1167 679 1223 t.
695 1153 830 1237 XXIII,
846 1175 880 1244 p.
892 1147 941 1243 a.)
958 1152 1002 1220 Et
1018 1174 1064 1218 un
1085 1173 1150 1244 peu
1171 1145 1247 1243 plus
1260 1148 1332 1233 bas,

282 1269 313 1340 ie
332 1271 442 1340 meme
468 1281 590 1338 auteur
616 1265 795 1362 s’exprime
821 1265 930 1335 ainsi:
953 1293 970 1328 α
988 1267 1031 1334 Et
1052 1263 1117 1334 tale
1148 1261 1333 1338 conciiiurn

281 1385 389 1480 magis
401 1381 592 1479 appellatur
605 1381 764 1476 synodus.
786 1411 804 1446 a

325 1504 391 1569 Sur
405 1496 633 1593 l'etymologie
648 1497 705 1568 des
719 1512 807 1568 mots
818 1495 1005 1568 concilium
1015 1509 1050 1564 et
1064 1495 1229 1589 synodus,
1241 1522 1332 1568 nous

281 1633 445 1686 trouvons
464 1614 495 1685 le
516 1636 654 1710 passage
669 1615 804 1684 suivant
825 1613 909 1684 dans
929 1610 959 1682 le
980 1610 1098 1684 ddecet
1111 1610 1153 1684 de
1169 1613 1332 1702 Gratien,

281 1755 392 1800 carlou
409 1725 467 1816 1⁰¹,
488 1727 683 1798 distinction
704 1725 784 1798 15⁰:
854 1753 857 1758 ·

323 1873 340 1910 α
353 1843 509 1938 Synodus
519 1859 634 1916 autem
647 1868 688 1912 ex
704 1865 816 1938 graeco
829 1842 1265 1938 interpretaturcomitatus
1277 1840 1331 1912 vel

282 1975 403 2030 cretus.
432 1957 574 2030 Concilii
606 1982 687 2028 vero
715 1983 841 2028 nomen
870 1972 1018 2029 tractum
1037 1972 1088 2030 est
1106 1983 1147 2028 ex
1163 1983 1260 2030 more
1279 1984 1336 2029 ro-

281 2073 398 2146 mano.
414 2077 581 2169 Tempore
596 2073 685 2144 enim
707 2097 775 2167 quo
792 2095 900 2142 causae
919 2073 1130 2168 agebantur,
1151 2075 1339 2144 convenie-

282 2191 365 2262 bant
380 2215 497 2260 omnes
507 2190 541 2260 in
553 2215 659 2260 unum
673 2189 915 2283 communique
929 2189 1331 2260 intentioneu·actabarrt·.

283 2306 380 2377 Unde
394 2305 610 2378 conciliuma
628 2306 802 2376 communi
821 2306 1011 2376 intentione
1027 2301 1155 2376 dictum
1170 2320 1221 2376 est
1236 2309 1335 2400 quasi

283 2421 484 2511 consilium3
520 2421 698 2492 consilium
733 2422 828 2516 quasi
864 2421 1055 2494 considium
1074 2419 1334 2494 diullitteram

284 2553 481 2608 transeunte
494 2564 502 2609 t
515 2537 568 2608 vel
583 2536 764 2620 concilium
779 2538 908 2608 dictum
926 2553 976 2607 est
994 2564 1016 2612 a
1033 2539 1208 2610 communi
1225 2540 1334 2610 inten-

285 2657 389 2744 tione,
398 2679 439 2726 ao
450 2654 584 2751 quodin
598 2679 704 2726 unum
714 2655 862 2751 dirigant
877 2679 1014 2724 omnem
1023 2655 1146 2726 mentis
1157 2653 1331 2728 obtutum.

283 2771 371 2851 Cilia
387 2774 479 2850 euim
492 2771 670 2847 oculorum
687 2787 789 2842 suut:
804 2771 965 2866 undequi
983 2770 1118 2840 sibimet
1131 2769 1336 2844 dissentiunt

284 2911 355 2968 non
382 2904 489 2984 agunt
503 2887 686 2962 concilium
711 2889 885 2981 quianon
912 2887 1132 2960 consentiunt
1157 2889 1192 2957 in
1214 2913 1337 2962 unum.

284 3008 399 3082 Coetus
414 3029 496 3077 vero
508 3020 697 3074 conventus
712 3017 762 3074 est
776 3002 829 3074 vel
844 3004 1076 3100 congregatio,
1089 3004 1285 3095 acoeundo‚
1301 3007 1336 3079 id

284 3136 347 3206 est,
366 3145 386 3189 a
404 3119 638 3212 conveniendo
660 3119 695 3188 in
713 3144 834 3192 unum.
858 3120 945 3190 Hinc
965 3119 1066 3189 etiam
1082 3135 1269 3190 conventus
1284 3138 1336 3194 est

176 3283 179 3288 -
282 3252 501 3332 nuncupatus
515 3260 556 3305 eo
566 3235 660 3329 quod
669 3236 824 3309 homines
834 3235 1045 3306 conveniunt
1056 3235 1092 3304 in
1106 3260 1226 3307 uuum.
1240 3239 1336 3310 Sicut

284 3335 491 3430 aconventu
513 3367 620 3422 coetus
642 3351 785 3441 dicitur,
804 3353 853 3424 sic
871 3366 906 3421 et
931 3350 1114 3424 concilium
1133 3377 1153 3423 a
1176 3355 1335 3426 societate

284 3468 474 3543 multorum
494 3468 530 3538 in
551 3489 657 3542 uuum
679 3467 782 3563 (1)..»

319 3696 357 3762 (ι)
373 3692 544 3756 suestanus,
561 3691 593 3745 cle
604 3691 737 3758 Consiliis,
754 3701 782 3745 et
795 3690 914 3745 d’nutres
929 3701 1054 3758 auteurs,
1070 3691 1219 3748 s'etendent
1233 3693 1336 3748 davan-

283 3792 344 3854 tnge
359 3801 406 3837 sur
421 3783 457 3836 ies
471 3782 648 3854 etymologies
664 3782 703 3836 du
718 3791 777 3834 mot
791 3781 946 3842 concilium
960 3792 1040 3836 outre
1055 3800 1110 3853 que
1123 3793 1194 3838 cette
1208 3782 1335 3838 disserta·

281 3872 341 3928 tion
357 3882 399 3928 est
418 3890 472 3946 peu
494 3870 675 3946 importante,
697 3871 749 3926 elle
771 3868 892 3944 n’ajoute
911 3889 959 3946 pas
980 3870 1125 3948 beaucoup
1144 3872 1179 3928 de
1196 3873 1279 3930 clartt
1298 3892 1336 3930 au

283 3979 373 4018 canon
390 3980 445 4036 que
457 3979 528 4018 nous
536 3979 646 4038 ,venons
657 3961 693 4018 de
704 3962 780 4016 citer.

717 4113 904 4147 a*
