2804 5022
214 481 367 532 concito
383 483 487 533 rnov.
507 483 576 534 mn
596 473 759 536 ntrronr'
777 487 827 538 nu
842 487 870 538 s.
884 471 994 540 sttcr.
1070 471 1137 558 24¹

93 609 269 706 «quenda
292 611 360 684 sint
386 613 545 686 omnibus
567 611 715 688 ecclesiis
737 633 950 716 promantur.
968 649 985 688 n
1010 618 1142 717 (Cous-

91 737 173 814 taut,
193 736 349 822 procem,
364 751 399 825 p.
419 729 512 828 xix.)
1111 813 1117 823 ,

135 847 233 914 Dans
251 843 325 914 leur
344 843 443 916 lettre
464 870 508 916 au
533 872 619 944 papa
644 851 825 937 Innocent,
854 847 901 922 les
925 849 1069 947 dvdques
1094 851 1141 925 du

88 958 219 1030 concile
236 960 279 1034 de
298 962 466 1058 Carthage
486 963 598 1034 disent
615 963 867 1060 expresse'ment
884 965 983 1061 qu'ils
1001 967 1142 1040 deumn-

88 1076 170 1146 dent
200 1102 270 1171 ¹que
297 1076 372 1148 leur
391 1080 570 1174 jugement
596 1081 662 1152 soit
690 1079 854 1166 confirm&
870 1108 878 1152 ε
896 1111 913 1148 u
931 1085 1006 1154 Hoc
1027 1085 1141 1180 itaqua
1246 1065 1251 1078 ¹

88 1207 240 1288 gestum,
258 1193 394 1264 domine
410 1192 528 1285 frater,
547 1211 670 1268 sancte
685 1198 817 1270 caritati
832 1213 900 1270 tuae
913 1199 1140 1272 intimandum

87 1311 261 1401 duximus,
282 1325 322 1382 ut
337 1312 473 1384 statutis
492 1327 615 1384 nostrae
632 1313 874 1386 mediocritatis
887 1314 989 1389 etiam
1003 1333 1141 1411 aposto·

89 1425 159 1498 liooe
179 1427 271 1498 sedis
290 1426 492 1498 adhibeatur
508 1429 700 1503 auctoritas.
719 1458 737 1494 s
747 1428 892 1525 ¹(l’armi
905 1429 953 1502 les
968 1427 1082 1504 lettres
1098 1432 1140 1504 de

90 1544 177 1616 saim
194 1543 378 1639 Angustia,
398 1543 439 1612 n⁰
461 1542 569 1640 175.)

134 1665 203 1732 Les
229 1661 330 1730 Plures
361 1659 407 1729 du
436 1659 566 1732 concile
591 1660 633 1730 de
657 1659 801 1750 Mileve,
829 1659 914 1732 dans
936 1660 1009 1734 leur
1035 1661 1153 1736 lettre·

90 1793 175 1873 pour
191 1775 224 1846 le
238 1778 347 1848 meme
359 1775 466 1874 objet,
484 1774 619 1872 parlent
630 1777 724 1856 ainsi.
734 1776 775 1848 de
789 1775 960 1850 l’autoritd
972 1778 1018 1850 du
1031 1759 1138 1852 saint«

90 1894 199 1990 siege:

135 2039 155 2076 u
169 2009 826 2106 Arbitramur‚adjuvantemisericordia
837 2012 978 2084 Domini
987 2012 1141 2086 Deinos·

89 2131 146 2217 tri,
164 2131 361 2202 auctoritati
383 2132 574 2204 sanctitatis
599 2145 683 2218 tuae,
707 2129 750 2202 de
775 2147 968 2209 sanctarum
985 2133 1139 2229 Scriptu-

89 2269 202 2315 rarum
213 2247 416 2318 auctoritate
425 2246 648 2343 depromptae,
666 2235 800 2320 'facilius
816 2273 873 2320 eos
892 2249 952 2345 qui
971 2263 1038 2322 tant
1058 2275 1135 2346 per·

89 2386 180 2432 versa
199 2378 234 2432 et
258 2363 444 2458 peruiciosa
462 2365 613 2434 sentiunt
631 2387 702 2434 esse
721 2388 885 2436 cessuros.
901 2393 919 2430 n
975 2379 978 2384 ’

133 2479 216 2550 L'an
235 2483 321 2570 dno,
343 2481 433 2550 saint
451 2479 621 2576 Augustin
642 2494 775 2550 soumet
795 2481 880 2552 ainsi
899 2504 943 2549 au
964 2501 1051 2576 pape
1070 2485 1135 2552 Bo·

4 2639 5 2642 =
93 2593 194 2666 nilace
223 2621 269 2666 un
297 2596 381 2668 derit
407 2594 488 2690 qu’il
515 2595 628 2666 venait
655 2595 699 2664 de
726 2619 902 2692 composer
930 2610 1049 2667 contre
1076 2595 1135 2666 des

93 2710 276 2806 heretiques
296 2712 338 2782 de
359 2737 418 2782 son
443 2719 575 2807 temper

137 2831 247 2898 «Haec
259 2852 341 2922 ergo
363 2851 438 2921 quse
464 2827 555 2913 istis,
578 2841 617 2896 ut
636 2826 725 2916 dixi,
742 2825 872 2896 duabus
895 2822 1043 2921 epistolis
1063 2822 1134 2896 illo·

93 2969 194 3014 arum
215 2945 280 3014 ista
297 2943 527 3038 disputatione
538 2943 739 3040 respondeo,
756 2942 798 3013 ad
813 2958 905 3014 tuam
922 2943 1133 3039 potissimum

94 3060 263 3156 «dirigere
276 3061 500 3150 sanctitatem,
516 3084 584 3131 nou
599 3074 670 3131 tam
688 3060 866 3150 discenda,
887 3080 990 3156 quam
1010 3060 1134 3132 exami-

92 3175 283 3259 «nandanet
298 3175 355 3244 ubi
376 3174 517 3246 forsitan
540 3173 667 3270 aliquid
690 3173 902 3271 displicuerit
919 3174 1132 3248 emendanda

94 3291 290 3362 «constitui.
304 3321 322 3358 a
336 3289 528 3386 (Goustant,
542 3317 620 3389 pag.
645 3289 767 3383 1025.)
859 3345 862 3352 ,

131 3412 178 3478 Le
191 3408 305 3478 meme
322 3407 421 3497 saint,
438 3407 521 3479 daus
537 3433 572 3478 sa
594 3408 691 3480 lettre
711 3407 806 3505 196⁰,
819 3407 912 3504 parle
930 3410 1015 3480 ainsi
1035 3410 1077 3480 de
1100 3409 1131 3480 la

90 3519 222 3618 reponse
249 3523 295 3593 dtr
318 3525 507 3620 saint-siege
532 3549 599 3593 aux
623 3523 768 3595 conciles
790 3524 832 3594 de
850 3525 1019 3620 Carthage
1038 3540 1073 3596 et
1088 3525 1130 3596 de

90 3635 211 3711 Mileto.

132 3759 271 3830 «Missae
291 3771 372 3828 sunt
393 3756 516 3828 dehac
540 3781 577 3826 re
593 3781 633 3826 ex
657 3756 789 3826 duobus
811 3754 962 3825 conciliis
984 3756 1125 3826 Cartha·

91 3873 242 3966 «gtnensi
264 3889 299 3944 et
323 3871 521 3944 Milevitnno
547 3871 725 3942 relationes
749 3871 792 3941 ad
823 3871 1038 3968 apostolicam
1070 3894 1125 3940 se-

92 3987 233 4062 «ten...
258 3990 460 4087 scripsimus
478 3991 583 4060 etiam
607 3989 649 4060 ad
674 3989 782 4058 beatae
807 3987 978 4058 memoriae
1003 4013 1126 4084 papam

93 4106 359 4198 tlunocentium,
383 4122 504 4206 praeter
522 4105 742 4179 conciliorum
774 4103 967 4194 relationes,
995 4104 1124 4176 litteras

778 4220 780 4224 ¹
931 4229 967 4286 tt
