2844 5028
245 445 466 513 ordnnrtons
487 463 535 510 uu
557 459 707 511 concine
725 459 845 526 enon,
865 460 938 508 erc.
1038 431 1109 522 445

84 587 228 683 «synodis
247 588 520 683 provincialibus,
541 603 626 658 teste
646 587 774 657 Isidoro
791 585 868 682 (Dc
881 583 1114 657 celebratione

84 703 264 802 troncib't),
283 705 385 800 idque
402 705 604 776 succedebat
622 701 695 773 loco
714 702 848 773 illarum
864 703 1114 772 institutionum

82 834 134 888 tet
154 816 367 890 collationum
397 845 473 915 quse
501 820 544 890 de
574 817 752 915 praecipuis
780 817 858 910 fidei
888 817 1052 913 mysteriis
1080 819 1114 886 in

82 935 212 1031 «primis
227 934 344 1006 diebus
363 935 590 1006 habebantur.
606 965 623 1000 s

119 1054 277 1123 Innocent
294 1054 364 1139 111,
379 1051 463 1122 dens
481 1049 512 1121 le
530 1049 569 1138 [Γ
588 1049 722 1121 concile
744 1047 978 1145 oecumdnique
992 1051 1034 1122 de
1049 1055 1116 1124 La·

80 1181 159 1250 tran,
179 1167 330 1263 chapitre
350 1165 403 1252 6²,
424 1165 601 1263 s’exprime
619 1166 704 1236 ainsi
723 1189 767 1236 au
786 1166 875 1260 sujet
894 1165 951 1236 des
973 1169 1115 1262 synodes

77 1283 283 1374 provincianis
296 1309 336 1354 :a
353 1283 545 1355 Canonicas
572 1280 718 1378 regulas,
740 1296 774 1352 et
789 1283 934 1352 maxime
950 1308 1026 1376 quae
1047 1300 1114 1356 sta·

78 1411 175 1470 ntutae
194 1413 276 1470 sunt
297 1401 333 1468 in
352 1399 416 1468 hnc
439 1397 588 1494 generali
608 1397 772 1488 concilio,
800 1396 987 1493 relegentes
1006 1417 1045 1471 ut
1060 1427 1116 1473 eas

77 1513 216 1586 «facient
233 1516 418 1586 observari.
429 1543 447 1580 s

115 1633 205 1702 Dens
223 1631 255 1702 le
272 1628 401 1702 concile
419 1629 460 1700 de
482 1628 660 1700 Bnrdeaux
679 1629 722 1700 de
748 1628 859 1721 1624,
877 1656 964 1703 nous
988 1657 1115 1730 voyons

75 1742 115 1813 les
139 1748 282 1846 dvdques
304 1745 445 1816 ddbuter
467 1769 529 1842 par
555 1769 623 1815 une
649 1743 1037 1842 congregation-prives,
1055 1750 1114 1845 qui

74 1873 115 1928 est
138 1864 223 1933 ainsi
253 1859 378 1933 relatee
407 1859 490 1930 (lans
518 1859 565 1930 les
592 1861 928 1956 proebs-verbuuxt
955 1850 1116 1934 c'Habita

73 1981 284 2075 congregatio
311 1978 491 2072 privata...
514 1977 558 2047 ab
578 1976 807 2048 illustrissimo
830 1983 874 2049 D.
897 1978 1061 2049 cardinali
1083 1996 1117 2050 et

73 2094 329 2191 archiepiscopo,
338 2095 393 2166 cui
403 2092 633 2164 interfuerunt
642 2094 910 2166 reverendissimi
920 2099 964 2165 D.
975 2100 1017 2166 Ι).
1027 2123 1119 2168 com·

72 2211 338 2300 provinciales...
359 2211 472 2308 ibique
492 2226 607 2281 actum
617 2209 660 2281 de
678 2211 780 2282 modo
799 2211 962 2282 babendae
976 2239 1118 2309 congre·

72 2326 209 2418 gationis
234 2324 393 2424 publicae,
408 2325 450 2395 de
466 2327 622 2397 creandis
641 2325 811 2396 officiariis
827 2351 886 2396 seu
905 2326 1117 2422 adjutoribus

71 2443 211 2536 concilii,
233 2445 278 2514 de
300 2441 524 2538 praecedentia
547 2456 807 2538 procuratorum
833 2457 867 2510 et
900 2442 1117 2515 ecclesiarum

70 2559 315 2630 cathedralium
344 2559 433 2628 inter
454 2583 510 2645 se,
530 2556 571 2626 de
591 2557 758 2653 theologis
771 2573 805 2626 et
819 2559 1002 2630 canonistis
1021 2585 1119 2631 assu-

69 2676 205 2764 mendis,
220 2677 265 2746 de
282 2673 395 2770 prima
412 2673 573 2760 sessione,
588 2671 629 2742 de
641 2675 962 2768 congregationibus
980 2677 1119 2770 privatis

68 2803 97 2856 et
112 2791 279 2884 publicis,
297 2805 332 2860 et
353 2788 501 2860 secunda
518 2790 663 2858 sessione
684 2789 874 2858 indicenda.
892 2791 1027 2879 Quibus
1043 2819 1120 2889 per-

66 2908 157 2993 actis,
180 2906 434 2979 illustrissimus
455 2907 499 2976 D.
522 2929 599 2974 cum
624 2904 911 2975 reverendissimis
930 2910 975 2977 D.
991 2910 1035 2978 D.
1053 2914 1121 3006 epi-

66 3023 168 3115 scopis
190 3020 321 3092 habuit
340 3022 642 3115 congregationem
670 3017 853 3116 publicam.
875 3051 892 3086 »
919 3020 1117 3120 (Odespun,

65 3159 135 3232 ras·
158 3135 269 3235 679ν)

107 3256 172 3324 Les
194 3249 347 3322 conciles
366 3250 407 3319 de
428 3249 557 3337 Milan,
571 3275 650 3320 sous
669 3251 757 3322 seint
777 3253 1121 3347 CharlesBorronrnde,

63 3383 303 3440 commencent
330 3367 418 3437 aussi
451 3390 513 3461 par
542 3392 609 3436 une
633 3366 877 3466 congregation
905 3371 1032 3467 prives.
1057 3379 1121 3444 Les

62 3500 147 3556 actes
170 3487 219 3557 du
244 3485 394 3580 premier
417 3483 458 3552 de
480 3507 535 3554 ces
557 3483 703 3554 concides
725 3501 924 3581 rapportent
950 3513 1018 3582 que
1038 3489 1122 3560 dans

62 3617 146 3673 cette
177 3601 433 3698 congregation
462 3598 574 3695 prive'e
596 3625 640 3668 on
661 3599 827 3670 distribue
853 3602 901 3672 les
927 3605 1081 3674 mutieres
1103 3607 1122 3676 ti

61 3720 179 3790 traiter
202 3720 224 3788 d
249 3717 402 3787 diverses
427 3713 675 3802 commissione,
700 3714 868 3811 presiddes
891 3718 1042 3788 chacune
1061 3743 1122 3815 par

62 3857 105 3903 un
126 3833 283 3930 bneque3
298 3832 378 3900 mais
398 3829 430 3899 la
448 3831 659 3900 nomination
676 3829 734 3900 des
751 3848 979 3927 promoteurs,
995 3835 1052 3904 des
1072 3861 1120 3904 se·

60 3953 222 4022 creteires
251 3959 290 4017 et
318 3947 376 4016 des
405 3947 571 4036 notaires,
601 3947 688 4016 ainsi
718 3971 785 4042 qne
811 3947 996 4018 l’indiction
1024 3950 1067 4020 de
1090 3951 1119 4022 ia

59 4068 233 4163 premiere
254 4064 395 4148 session,
421 4061 513 4131 n’ent
536 4061 602 4132 lieu
629 4087 696 4160 que
720 4063 805 4135 dans
831 4063 860 4136 la
877 4066 1120 4166 congregation

59 4189 235 4274 enitente,
256 4181 316 4278 qui
334 4178 387 4250 fut
404 4178 581 4279 pubiique.
