2910 5038
273 461 343 535 582
616 467 816 547 cruentans
843 485 982 535 rnnrrn.

274 641 313 688 or
333 616 428 713 plebe
448 639 586 686 uxorem
608 616 748 687 domum
764 617 886 704 ducat,
905 617 968 686 nisi
985 617 1079 712 prius
1101 617 1231 712 nuptiae
1245 631 1331 686 tem·

275 735 413 830 poribus
426 733 469 802 ab
484 733 634 804 Ecclesia
649 734 830 830 permissis,
845 731 981 829 publice
999 732 1127 804 tusum
1140 733 1330 806 celebrata.

230 919 234 928 ,
270 851 375 943 Quod
400 848 515 921 nullus
541 851 584 920 ad
608 865 762 946 raptam,
785 848 837 920 tel
867 852 1151 946 consanguineam
1174 851 1328 936 accedat,

271 981 332 1038 aut
354 965 492 1038 alterius
510 979 669 1062 sponsam
690 966 792 1037 ducat
810 949 1006 1036 omnimode
1028 967 1218 1062 prohibete.
1245 969 1330 1038 Por·

238 1103 239 1108 ’
272 1083 400 1171 corios,
428 1097 463 1154 et
482 1082 565 1154 alios
590 1097 756 1179 pastores,
784 1081 902 1153 saltem
931 1082 1100 1152 dominica
1118 1082 1174 1152 die
1201 1083 1330 1154 faciatis

273 1197 389 1268 venire
402 1198 445 1266 ad
464 1200 608 1269 missam.
623 1199 791 1288 Patricos,
804 1213 843 1268 tlt
862 1197 986 1268 filiolos
1001 1197 1189 1295 symbolum
1209 1215 1244 1268 et
1258 1225 1331 1268 cra·

253 1381 256 1392 ,
275 1316 403 1384 tionem
425 1315 627 1386 dominicam
648 1315 807 1403 doceant,
826 1330 887 1384 aut
906 1312 1021 1385 doceri
1039 1315 1185 1402 faciant,
1206 1315 1331 1386 exhor·

275 1432 404 1502 nmini.
435 1433 691 1502 Sacramentum
726 1431 964 1520 Eucharistiae,
999 1445 1152 1501 sanctum
1184 1431 1332 1501 chrisma

274 1563 308 1617 et
325 1545 439 1618 oleum
454 1547 788 1634 catechumenorum,
803 1569 842 1616 ac
857 1560 1090 1634 sanetum,seu
1104 1545 1332 1635 infirmorum,

274 1665 309 1733 in
331 1663 471 1733 ecelesia
489 1664 524 1732 in
547 1661 622 1732 loeo
646 1662 799 1751 mundo,
827 1661 1028 1734 condecenti
1052 1677 1087 1732 et
1109 1682 1246 1752 securo,
1271 1663 1332 1732 sub

276 1801 350 1850 sera
363 1795 397 1850 et
410 1777 478 1848 fida
494 1775 649 1850 custodia
667 1778 847 1874 diligenter
858 1794 998 1851 servate.
1013 1779 1168 1876 Quisque
1182 1792 1333 1850 restrum

277 1895 522 1991 expositionem
546 1894 686 1990 symboli
713 1911 748 1965 et
775 1895 939 1966 orationis
962 1893 1140 1964 dominice
1162 1894 1260 1988 juxta
1279 1919 1334 1963 or·

280 2011 508 2081 thodoxorum
521 2013 659 2080 Patrum
679 2010 879 2083 traditiones
897 2025 1000 2106 penes
1018 2029 1053 2080 se
1067 2011 1201 2098 habent,
1211 2027 1333 2106 easque

277 2143 380 2221 atque
401 2127 572 2197 orationes
598 2128 796 2218 missarum,
830 2141 865 2198 et
888 2126 1065 2223 epistolas,
1088 2126 1283 2223 evangelia,
1302 2139 1334 2197 et

277 2267 443 2315 canonem
459 2244 545 2312 bene
559 2238 748 2341 intelligat,
770 2263 811 2314 ea
825 2245 951 2340 quibus
968 2242 1202 2340 predicando,
1225 2266 1335 2339 popu-

278 2363 349 2434 lum
373 2363 436 2432 sibi
460 2363 676 2432 commissum
699 2363 815 2433 sedule
842 2365 1006 2455 instruat,
1034 2377 1070 2430 et
1093 2361 1239 2430 maxime
1267 2385 1335 2431 non

279 2482 365 2550 hene
392 2474 599 2552 credentem.
634 2482 816 2550 Introitnm
845 2481 973 2571 missa,
998 2480 1189 2567 orationes,
1213 2481 1337 2575 episto·

278 2598 364 2685 lam,
391 2595 573 2692 graduale,
601 2595 832 2692 evangelium,
859 2595 1050 2693 symbolum
1068 2610 1102 2666 et
1128 2609 1250 2666 caetera
1267 2621 1335 2665 non

280 2722 421 2798 secreta,
443 2709 512 2779 alta
530 2725 564 2778 et
579 2703 783 2805 intelligibili
799 2733 885 2781 voce
906 2710 1069 2807 proterat.
1088 2713 1224 2780 Secreta
1239 2731 1332 2802 vero,

281 2841 315 2896 et
341 2845 526 2912 canonem,
551 2847 686 2893 morose
707 2839 741 2894 et
757 2825 916 2895 distinete
948 2826 1113 2895 submissa
1131 2844 1214 2893 rcce
1233 2824 1334 2920 legat.

280 2938 491 3011 Psalmorum
508 2939 627 3027 verba,
643 2955 677 3009 et
690 2939 940 3028 distinctiones,
951 2936 1152 3034 regulariter
1165 2958 1244 3008 cum
1261 2960 1336 3010 ean·

190 3065 191 3070 ’
282 3059 356 3126 ticis
394 3055 563 3124 consuetis
596 3053 854 3150 intelligibiliter
886 3056 1096 3151 pronuntiet.
1136 3054 1336 3152 Symbolum

190 3212 193 3218 ·
282 3171 388 3241 sancti
405 3171 580 3241 Athanasii
595 3171 636 3240 de
650 3172 816 3241 Trinitate
834 3187 867 3241 et
883 3153 948 3241 lide
965 3170 1130 3242 catholica
1142 3173 1338 3240 memoriter

282 3299 404 3356 teneat.
419 3287 634 3357 Exercismcs
648 3301 681 3356 et
697 3289 868 3358 orationes
883 3287 925 3356 ad
940 3288 1198 3357 catechumenos
1212 3284 1337 3355 facien·

161 3473 162 3478 ,
282 3403 360 3491 dos,
386 3427 426 3470 ac
455 3400 602 3497 reliquas
625 3426 744 3498 preces
774 3425 874 3498 super
904 3401 1093 3474 rnasculum
1113 3417 1147 3471 et
1167 3401 1336 3471 foerninarn

281 3517 478 3614 pluraliter,
491 3517 544 3588 vel
560 3519 777 3615 singulariter
791 3521 989 3616 respective,
1003 3519 1161 3590 distincte
1177 3517 1334 3613 proferet.

283 3635 451 3706 Ordinem
471 3635 684 3730 baptizandi,
712 3651 745 3706 et
762 3637 804 3706 ad
823 3636 1089 3706 succurrendum
1109 3635 1272 3726 infirmis,
1290 3657 1337 3703 re·

283 3749 529 3822 conciliationis
545 3768 579 3822 et
595 3753 898 3824 commendationis
913 3751 1043 3839 animoe,
1059 3767 1093 3822 et
1109 3751 1247 3848 agendis
1266 3771 1336 3820 exe-

284 3866 640 3962 quiisdefunctcrum,
663 3869 760 3961 juxta
785 3869 926 3939 modum
955 3869 1156 3939 canonicum
1173 3867 1336 3937 observet.

284 3983 513 4067 Exorcismcs‚
535 3997 570 4052 et
591 3983 932 4055 henedictionessalis
950 3997 1111 4079 sicquae,
1130 3983 1337 4081 pertinenter

285 4097 386 4193 legat.
410 4100 592 4170 Canticum
609 4099 772 4171 diurnum
789 4115 823 4171 et
846 4115 1052 4174 nocturnum
1075 4103 1168 4170 sciat.
1189 4102 1336 4194 Compu-

287 4228 360 4284 tum
389 4216 490 4284 etiam
511 4215 677 4286 minorem
701 4216 742 4286 ad
764 4217 1008 4289 inveniendum
1028 4216 1175 4288 litteram
1194 4213 1333 4286 domini-
