2910 5038
262 399 264 404 Ι
296 429 367 532 574
638 439 842 518 cuonem
865 455 1010 506 esurie.

297 597 460 654 vertetur.
480 587 518 653 In
536 583 653 654 endem
675 599 789 656 autern
809 584 911 656 domo
925 599 1071 676 manete,
1090 583 1221 654 edentes
1237 597 1267 654 et
1281 585 1320 652 bi·

296 700 415 770 bentes
426 725 501 796 quae
518 700 608 798 apud
623 699 697 770 illos
716 717 821 772 sunt:
844 701 968 797 dignus
990 715 1041 772 est
1058 701 1148 772 euim
1171 701 1320 796 operarius

298 814 449 886 mercede
469 841 540 886 sua.
562 814 674 887 Nolite
691 818 834 888 transire
853 815 896 888 de
914 815 1015 887 domo
1034 818 1068 887 in
1084 817 1231 888 domurn.
1247 819 1285 886 Et
1295 815 1321 885 in

298 957 547 1029 quamcumque
562 934 732 1006 civitatem
752 931 961 1006 intraveritis
972 937 985 1022 ‚'
996 949 1030 1004 et
1046 937 1250 1032 susceperint
1263 960 1322 1021 vos,

298 1050 499 1122 manducate
517 1076 591 1146 quae
610 1067 831 1146 apponuntur
856 1051 951 1122 vobis
965 1071 973 1121 t
988 1063 1022 1122 et
1040 1063 1159 1122 curate
1181 1047 1322 1138 infirmos,

298 1165 357 1262 qni
376 1165 411 1234 in
431 1163 488 1236 ille
507 1182 604 1257 sunt,
633 1181 667 1237 et
692 1166 793 1238 dicite
812 1165 878 1237 illis
893 1191 901 1237 τ
916 1161 1213 1264 Appropinquavlt
1232 1163 1264 1236 in
1280 1185 1325 1236 tos

298 1303 439 1378 regnum
459 1281 534 1353 Dei.

351 1401 428 1490 Quo
431 1395 555 1490 finite,
572 1411 607 1469 et
618 1419 687 1494 per
692 1399 798 1496 ponti
824 1423 899 1470 cem
915 1393 1003 1471 libro
1021 1395 1201 1484 osculato,
1219 1407 1252 1469 et
1267 1392 1327 1494 lpse

298 1513 493 1602 incensato,
506 1511 676 1610 pontifex
690 1517 768 1585 sine
780 1513 889 1585 mitre
902 1530 986 1584 ante
1004 1511 1125 1586 sedern
1132 1513 1328 1612 predictum

297 1653 423 1702 versus
438 1628 491 1700 ad
498 1629 625 1716 altere,
644 1657 690 1703 uo
709 1631 795 1702 eliis
812 1629 975 1702 omnihus
991 1635 1029 1702 in
1045 1631 1121 1704 suis
1141 1631 1228 1703 locis
1239 1651 1330 1730 genu·

296 1745 417 1835 flexis,
436 1743 563 1844 incipit
578 1743 702 1819 schola
719 1763 955 1847 prosequente
975 1743 1177 1843 hymnum:

348 1865 448 1949 Veni,
475 1866 619 1935 Creator
645 1865 802 1960 Spiritus.

354 1984 407 2051 Et
421 1977 551 2051 diciwr
566 1996 660 2052 tortu
672 1993 713 2052 ut
721 2005 840 2078 supra.
851 1985 963 2074 Quem
975 1979 1100 2056 eenole
1104 1979 1330 2079 prosequier,

300 2111 341 2166 ur
356 2096 522 2192 inprime
540 2094 608 2167 die.
632 2099 751 2168 Finito
763 2100 886 2194 primo
906 2123 1015 2170 versu
1021 2151 1032 2185 ,
1044 2096 1216 2195 pontifex
1230 2095 1332 2194 surgit,

299 2224 402 2283 stans
415 2235 543 2283 versus
558 2212 611 2284 nd
623 2213 752 2305 altere,
764 2213 900 2286 detecto
925 2219 1043 2314 cupite
1054 2237 1169 2312 usque
1184 2213 1333 2306 adfinem

299 2327 435 2424 hymni.
476 2328 596 2399 Simili
623 2330 727 2401 modo
752 2329 896 2427 facient
930 2355 1054 2403 ornnes
1085 2330 1165 2401 ulii.
1200 2327 1334 2426 Eepleto

298 2444 722 2538 hymnopnmesredeent
737 2449 775 2517 in
787 2446 942 2520 silentio,
954 2441 1335 2545 Tuncpontisexserlem

299 2563 338 2632 in
350 2559 616 2658 sedepraedicte
630 2587 711 2634 curn
727 2566 852 2654 mitra,
868 2561 1042 2660 synodum
1056 2562 1115 2632 lits
1126 2561 1249 2634 verbis
1264 2557 1334 2630 alle

301 2679 434 2777 quitur,
451 2677 617 2749 sr‘velitr
740 2703 744 2708 ’

349 2793 566 2864 Venerabiles
586 2809 619 2864 et
637 2793 843 2865 dilectissimi
860 2794 982 2866 fratres
1001 2795 1129 2884 nostri,
1159 2807 1289 2892 oportet
1306 2801 1336 2858 ut

302 2908 388 2980 sicut
402 2909 559 3004 hesterna
576 2909 631 2980 die
651 2910 891 2982 admonuimus
912 2911 1097 3009 benignam
1117 2903 1337 2984 mansuetudi-

301 3049 383 3096 num
402 3040 562 3114 vestram,
587 3026 629 3096 de
646 3027 769 3098 divinis
790 3027 930 3119 officiis,
950 3043 985 3098 et
1007 3028 1112 3100 saeris
1134 3025 1253 3098 alteris
1273 3045 1335 3118 gra·

303 3141 413 3230 dibus,
434 3143 615 3212 autetiam
639 3143 682 3212 de
703 3144 870 3232 moribus,
897 3159 931 3213 et
959 3143 1220 3214 necessitatibus
1247 3135 1337 3210 eoele-

303 3256 456 3348 siasticis,
469 3282 690 3354 quecumque
712 3259 927 3330 emendanda
958 3259 1011 3330 vel
1045 3258 1242 3330 renovanda
1257 3267 1336 3338 sunt,

302 3373 450 3446 charites
477 3375 629 3446 omnium
651 3393 821 3465 vestrum,
844 3376 1051 3471 ubicumque
1078 3376 1216 3446 noverit
1241 3372 1338 3465 aliqua

304 3489 542 3562 emendatione
554 3491 723 3589 condigna
736 3495 771 3562 in
785 3491 934 3563 medium
947 3491 1098 3587 prolerre
1113 3517 1185 3562 uon
1196 3489 1337 3583 ambigat

304 3622 344 3677 ut
364 3632 425 3702 per
448 3623 566 3678 vestre
590 3609 764 3680 charitatis
782 3609 1104 3696 studium,D0mino
1130 3606 1290 3704 largiente
1305 3595 1338 3668 ad

304 3722 471 3818 optimum
499 3717 696 3820 pervenient
729 3740 876 3812 statum,
906 3722 950 3792 ad
979 3721 1114 3793 laudem
1142 3737 1177 3792 et
1209 3718 1338 3817 glorium

305 3839 454 3910 nominis
471 3843 552 3910 lesu
578 3841 704 3932 Christi
727 3840 870 3912 Domini
888 3839 1008 3909 nostri.

352 3960 441 4026 Post
455 3955 700 4046 allocutionem
724 3954 947 4054 hujusmodi,
968 3954 1030 4028 vel
1036 3956 1157 4053 prius,
1181 3954 1218 4022 si
1238 3945 1339 4046 mugit

298 4071 426 4169 placet
436 4074 618 4168 pontefici,
634 4075 685 4163 fit
708 4098 824 4145 sermo
840 4098 913 4171 per
935 4071 1094 4170 aliquem
1117 4070 1257 4142 docem
1279 4059 1340 4136 ido·

306 4211 423 4279 raewn,
435 4191 474 4260 in
489 4214 559 4287 quo
578 4192 706 4264 iterum
727 4205 897 4265 tractetur
912 4187 957 4260 de
979 4185 1169 4288 disciplina
1187 4180 1339 4256 ecclesu-
