2806 5026
319 439 392 514 3⁵0
660 443 853 510 rnotsrltue
878 446 1018 510 nuncin.

320 591 516 664 conscience
529 590 764 686 eprouvaitnn
783 589 891 687 grand
908 604 1082 662 tourmeut
1101 611 1142 662 eu
1161 579 1333 686 sojetd'ln-

320 709 432 792 toine,
460 704 588 802 rivoque
617 705 659 775 de
687 704 834 787 Fassula.
879 707 1027 788 Anteius
1059 707 1170 778 donna
1195 707 1259 781 lleu
1275 691 1336 774 ¹arn

319 824 465 920 plaintca
482 838 518 893 et
533 845 600 892 aux
626 824 838 892 accusatione
859 821 905 892 les
931 819 1007 918 plus
1035 847 1150 920 grates
1175 823 1214 896 de
1232 821 1261 892 la
1277 834 1337 917 part

320 941 363 1011 de
382 967 433 1011 ses
451 963 593 1037 propres
607 935 805 1028 diocesim,
823 953 856 1008 et
873 937 921 1009 los
938 937 1082 1034 §requos
1097 939 1259 1035 d’rllriqne
1275 961 1338 1034 por·

322 1060 432 1128 tierent
451 1071 573 1127 contre
599 1055 646 1124 lui
668 1078 735 1125 une
758 1070 915 1126 sentence
943 1056 1115 1152 synodale,
1143 1055 1211 1152 qui,
1236 1079 1301 1129 sans
1317 1053 1339 1122 le

320 1173 472 1270 deposco
493 1172 523 1242 le
549 1173 672 1268 privait
694 1172 735 1241 de
755 1170 787 1242 la
805 1173 1004 1267 juridiction
1027 1173 1212 1269 episcopale
1231 1167 1338 1266 jusqu’l

321 1317 359 1362 oe
382 1288 466 1384 qu’il
488 1287 545 1362 adt
570 1287 684 1361 donne'
707 1288 914 1358 satisfaction
943 1315 1003 1359 sur
1032 1290 1141 1360 divers
1169 1291 1283 1386 points.
1305 1290 1340 1355 Le

316 1407 418 1501 jeuue
437 1406 566 1500 evdque
581 1407 671 1476 avait
686 1401 803 1500 appele
821 1404 917 1474 dece
933 1405 1110 1501 jugement
1121 1399 1165 1476 au
1183 1429 1262 1501 pape
1273 1401 1342 1472 saint

321 1522 494 1610 Boniface,
510 1535 603 1608 et,ca
623 1545 707 1615 pape
723 1518 815 1592 e'tant
830 1535 934 1611 mort,
954 1524 1044 1592 saint
1057 1523 1228 1619 Augustin
1246 1519 1341 1590 e‘crivit

320 1639 340 1720 *a
361 1639 449 1708 saint
465 1633 624 1721 Ce‘lestim
641 1659 928 1722 consumemur,
951 1635 982 1708 la
992 1636 1092 1708 lettre
1109 1636 1194 1708 dont
1212 1661 1290 1706 nous
1307 1631 1342 1702 al·

321 1752 396 1825 lons
421 1751 620 1848 reproduire
644 1750 806 1847 quelques
832 1777 988 1848 passages
1004 1775 1072 1826 :on
1097 1756 1168 1826 voit
1191 1778 1253 1848 quc
1275 1763 1342 1821 cette

322 1867 419 1938 lettre
435 1893 454 1939 n
470 1867 518 1938 dn
530 1868 602 1942 oue
618 1869 723 1941 e'crite
736 1893 779 1940 au
795 1867 871 1963 plus
887 1867 955 1940 fort
975 1868 1017 1941 de
1036 1868 1068 1939 la
1087 1868 1267 1964 pnitendne
1281 1891 1343 1936 con·
1383 1947 1384 1962 ἢ

322 1984 493 2072 testatior,
507 1998 540 2054 et
565 1985 585 2054 it
609 2005 676 2080 peu
701 1985 778 2079 pods
795 2009 871 2058 vero
892 1983 924 2058 lo
942 1987 1050 2060 nome
1072 2001 1184 2083 temps
1201 2007 1265 2081 que
1281 1979 1343 2053 nelle
1383 2019 1384 2028 ἦ

322 2099 523 2176 d'Aurdliue.
905 2181 907 2186 ⁸

371 2251 388 2286 a
401 2221 591 2294 Sententiae
613 2235 743 2292 nostrus
766 2223 814 2292 sio
834 2223 1096 2318 temperavimus
1117 2238 1167 2307 ut,
1188 2221 1273 2294 selvo
1289 2219 1344 2312 epi·

322 2353 480 2436 scopatu,
506 2351 711 2409 nontamen
741 2338 880 2409 omnino
908 2339 1073 2434 impunite
1101 2339 1345 2435 relinquerentur

320 2481 396 2554 quaa
417 2480 485 2526 non
511 2452 672 2524 deberent
693 2452 743 2522 vel
770 2454 876 2527 cidem
901 2455 965 2550 ipsi
992 2456 1152 2552 deinceps
1182 2458 1345 2547 iterumque

322 2572 493 2660 socienda,
523 2570 589 2644 rel¹
607 2573 734 2642 ceteris
769 2571 932 2642 imitanda
960 2575 1177 2668 proponi...
1194 2572 1258 2646 Sed
1281 2566 1345 2664 quid

321 2689 438 2761 multis
458 2687 595 2758 morer?
622 2684 815 2775 Collabora,
839 2689 993 2776 obsecro,
1021 2690 1224 2781 nobiscum,
1246 2687 1345 2784 pietate

322 2804 519 2878 venerabilis
537 2803 673 2874 domine
689 2803 892 2891 beatissime,
901 2820 934 2875 et
951 2805 1063 2876 debita
1080 2807 1244 2879 charitate
1256 2817 1345 2876 sancte

323 2949 420 3020 papa,
433 2937 467 2992 et
481 2922 564 3015 jube
581 2920 643 2989 tibi
663 2945 737 3016 quae
755 2919 881 2992 directa
899 2937 979 2991 sunt
993 2924 1105 2992 omnia
1122 2924 1264 2995 recitari.
1277 2917 1345 2992 Vide

321 3029 549 3133 episcopatum
570 3035 717 3132 qualiter
733 3037 869 3131 gesserit
871 3090 930 3120 .....
945 3063 1046 3134 quam
1063 3056 1197 3110 versuta
1218 3037 1345 3109 suasione

322 3167 475 3222 sanctum
495 3175 608 3222 senem
628 3153 808 3247 primatem
831 3163 1009 3242 nostrum,
1033 3169 1071 3226 ut
1098 3159 1130 3225 ei
1160 3167 1279 3236 cuncta
1294 3173 1346 3218 cre

322 3269 437 3358 deret,
459 3293 559 3364 quern
583 3266 676 3338 velut
694 3269 787 3337 ontni
807 3269 911 3338 modo
939 3269 1147 3364 inculpatum
1182 3264 1345 3341 venerando

322 3405 416 3480 papae
430 3384 606 3455 Bonil'acio
621 3383 886 3472 commendaret,
904 3381 1076 3457 induxerit
1089 3413 1099 3476 ;
1119 3404 1154 3458 et
1168 3401 1280 3458 caetera
1290 3401 1345 3477 quit

321 3527 409 3574 anre
422 3502 503 3600 quid
526 3525 613 3598 opus
638 3515 687 3570 est
705 3500 820 3590 recoli,
844 3496 923 3571 'oum
943 3517 1152 3574 memoratus
1174 3495 1346 3574 venerabilis

320 3643 421 3692 senex
448 3619 491 3690 ad
519 3631 612 3688 tuam
633 3617 890 3688 sanctimoniam
923 3634 1046 3690 cuncta
1074 3618 1226 3689 retulerit
1230 3671 1281 3689 .....
1298 3608 1345 3684 Sed

322 3735 433 3826 ille..‚‚.
460 3734 581 3806 clamat
596 3760 604 3803 :
619 3740 693 3804 Aut
715 3739 751 3802 t'n
783 3757 864 3803 ntea
893 3733 1062 3804 cathedra
1092 3734 1214 3806 sedere
1242 3727 1343 3812 debui,

322 3851 586 3949 corepiscopus·
602 3871 680 3918 erse
693 3871 765 3917 non
778 3843 894 3919 debui.
952 3851 1110 3921 Existunt
1127 3849 1280 3946 exempla,
1291 3848 1344 3938 ipsa

322 3969 398 4040 sede
412 3965 595 4063 apostolica
611 3965 796 4060 judicante,
810 3963 861 4036 rel
877 3965 1021 4038 aliorum
1039 3967 1188 4064 judicata
1201 3967 1344 4039 firmante,

321 4084 485 4181 quosdam
501 4109 563 4179 pro
578 4083 686 4180 culpis
705 4083 920 4179 quibusdem,
937 4107 999 4154 nec
1012 4085 1192 4181 episcopali
1210 4081 1345 4180 spoliatos

321 4203 470 4291 honore,
487 4225 545 4272 nec
565 4201 699 4272 relictos
717 4201 920 4272 omnimodis
932 4199 1137 4299 nnpunitos.
1152 4233 1169 4268 n
1185 4202 1276 4271 Saint
1292 4199 1344 4266 lu·
