2844 5028
274 487 346 579 436
606 478 816 562 aasumensi
840 495 979 542 nanum.

275 642 359 714 ainsi
377 666 385 708 ε
400 635 497 707 «Nisi
516 631 602 702 forte
630 653 695 726 pro
714 626 912 697 infirmitate
933 625 982 692 ire
999 647 1067 691 non
1089 619 1258 716 possint.»
1273 621 1326 687 Le

275 778 384 829 canon
396 755 437 824 Si
450 754 634 848 episcopus
645 745 686 814 de
701 741 732 813 la
744 744 852 812 meme
867 739 1065 810 distinction
1087 733 1180 832 parle
1193 735 1279 803 dans
1295 732 1327 802 le
1412 741 1413 780 Τ

275 877 382 945 meme
397 892 491 941 sens:
503 869 670 958 «Excepta
682 859 775 956 gravi
789 856 986 927 infirmitate
996 853 1229 948 corporis;»et
1239 850 1324 918 dans

274 992 305 1062 le'
320 1012 428 1060 canon
443 982 586 1056 Placuit
606 975 777 1074 (toujours
800 973 841 1041 de
863 971 894 1040 la
915 969 973 1042 18e
988 966 1217 1063 distinction),
1238 991 1325 1036 nous

274 1107 417 1177 lisonszu
427 1097 586 1196 Episcopi
609 1094 666 1188 qui
691 1113 801 1184 neque
822 1103 942 1176 aetate,
969 1109 1077 1180 neque
1104 1083 1324 1178 aegritudine,
1412 1087 1413 1110 ³

274 1244 384 1316 neque
395 1215 459 1286 alia
473 1211 618 1310 graviori
627 1201 1075 1298 necessitateimpediuntur.
1084 1198 1283 1270 »Toutefois
1295 1198 1326 1269 la
1412 1235 1413 1250 2

274 1334 418 1406 maledie
438 1328 591 1399 n’excuse
613 1348 680 1418 que
702 1319 818 1416 quand
847 1317 911 1388 elle
936 1332 986 1387 est
1009 1342 1129 1412 grave,
1149 1315 1236 1384 ainsi
1260 1339 1325 1410 que

273 1452 306 1523 le
322 1461 460 1546 portent
474 1443 520 1514 les
538 1442 626 1512 deux
646 1437 795 1508 derniers
809 1459 935 1506 canons
953 1434 1050 1520 cites3
1066 1447 1099 1501 et
1117 1431 1148 1500 la
1163 1429 1258 1526 glose
1270 1455 1327 1502 sur
1412 1413 1413 1424 l

272 1569 304 1639 le
321 1590 429 1636 canon
444 1560 587 1632 Placuit
604 1555 667 1626 fait
692 1553 853 1624 observor
873 1548 998 1645 qu’une
1017 1547 1121 1618 fievre
1148 1545 1261 1642 ligere
1282 1571 1327 1618 ou

272 1709 319 1753 un
338 1695 424 1751 reste
440 1677 482 1746 de
499 1674 605 1744 fievre
622 1683 740 1766 quarte
759 1665 984 1738 n'cxcnscrait
1002 1689 1077 1761 pas.
1412 1663 1413 1686 ¹

323 1799 363 1870 ιο
384 1787 655 1889 L'impossibilitd
673 1782 829 1876 absolue}
856 1808 918 1880 par
937 1779 1100 1877 exemplo,
1122 1779 1149 1850 si
1174 1777 1326 1876 leveque

275 1915 358 1987 etait
373 1926 492 1982 retenu
513 1904 716 2004 prisonnier.

324 2031 364 2104 3⁰
381 2031 438 2100 Un
456 2023 557 2095 ordre
573 2022 621 2090 du
640 2022 707 2109 roi,
724 2019 784 2114 qui
799 2013 996 2112 appellerait
1014 2012 1161 2108 l’e'veque
1173 2011 1324 2100 ailleurs‚

276 2144 363 2219 est-il
383 2169 430 2214 un
443 2139 696 2236 empdchernent
717 2130 889 2230 le'gitime?
902 2135 950 2201 Le
964 2155 1073 2199 canon
1088 2132 1129 2199 Si
1140 2131 1324 2227 episcopus

276 2263 318 2332 de
337 2261 367 2330 la
387 2255 445 2330 18e
464 2252 660 2326 distinction
687 2249 738 2318 dit
751 2243 1017 2318 formellement:
1036 2246 1210 2338 «Excepta
1233 2243 1322 2339 gravi

274 2373 543 2446 infirmitateaut
555 2365 779 2462 preceptione
790 2356 1324 2455 regia.»LepupeAlexandreIll

257 2497 421 2586 'suppose
450 2509 515 2581 que
543 2496 596 2552 cet
620 2479 878 2574 emplechement
902 2489 952 2543 est
979 2472 1144 2567 legitime,
1168 2471 1324 2567 puisqu’il

275 2608 359 2680 derit
383 2603 469 2673 ainsi
499 2601 518 2670 a
547 2623 594 2667 un
618 2598 774 2689 aveque:
804 2596 923 2663 «Cum
944 2589 1053 2684 parati
1081 2613 1229 2658 essemus
1255 2604 1325 2659 tuas

181 2705 182 2710 ἵ
275 2721 487 2819 «petitiones
504 2713 692 2797 admittere,
708 2713 737 2780 t.
752 2708 913 2778 diaconus
931 2701 1131 2793 cardinalis,
1146 2703 1228 2774 olim
1248 2731 1325 2801 apo-

188 2917 190 2922 ,
276 2870 293 2906 u
306 2836 430 2909 stolicae
443 2831 529 2902 sedis
541 2829 682 2923 legatus,
697 2823 875 2920 proposuit
887 2819 1068 2916 quodcum
1083 2819 1125 2888 ad
1139 2818 1212 2914 ejus
1228 2845 1324 2892 voca·

278 2957 436 3024 «tionem
454 2943 710 3038 contempsisses
725 2939 897 3034 accedere,
916 2938 951 3007 in
967 2961 1143 3032 personam
1162 2950 1256 3006 tuam
1275 2963 1326 3006 ex·

277 3059 624 3139 «communicationis
661 3053 861 3125 sententiam
895 3048 1136 3145 promulgavit.
1174 3054 1325 3147 Cumque

278 3214 296 3250 «
311 3187 357 3256 N,
377 3178 559 3250 canonicus
581 3178 618 3244 B.
648 3170 764 3242 iacobi
785 3168 929 3238 firmiter
956 3180 1160 3236 asseveraret
1182 3169 1273 3262 quod
1292 3169 1324 3236 in

277 3297 474 3394 «legatione
493 3292 582 3386 regis
605 3313 710 3374 esses,
730 3300 765 3355 et
788 3284 863 3352 ideo
888 3309 957 3352 non
976 3283 1142 3378 potuisses
1166 3283 1211 3352 ad
1235 3309 1322 3354 voca·

275 3447 292 3483 u
307 3417 433 3485 tionem
451 3407 601 3506 praedicti
616 3401 794 3474 cardinalis
808 3401 979 3490 accedere,
987 3399 1166 3470 cardinalis
1178 3427 1198 3469 e
1211 3415 1322 3470 contra

276 3529 448 3600 «asseruit
465 3522 558 3619 quod
580 3546 650 3590 non
669 3520 703 3586 in
719 3517 890 3613 legatione
908 3517 1009 3612 regis,
1028 3517 1085 3586 sed
1102 3517 1136 3584 in
1150 3515 1322 3588 Salaman-

274 3678 291 3715 «
306 3649 377 3717 tina
392 3641 531 3714 ecclesia
548 3654 580 3707 te
597 3661 677 3705 suus
693 3634 837 3702 nuncius
864 3634 1057 3702 invenisset.
1080 3636 1152 3705 Nos
1171 3657 1321 3702 vero...»

276 3764 445 3860 (Decret,
465 3757 523 3825 lib.
539 3757 585 3840 II,
600 3752 642 3820 de
653 3747 806 3846 Appen„
819 3774 848 3818 c.
870 3749 940 3844 19.)

309 3883 371 3948 La
392 3875 483 3970 glose
500 3885 535 3940 et
551 3868 598 3938 les
618 3867 807 3936 canonistes
833 3864 1017 3932 emendent
1036 3864 1117 3934 dans
1135 3890 1174 3935 ee
1192 3891 1267 3935 sens
1280 3863 1321 3933 les

274 3993 424 4093 paroles,
450 3989 534 4060 Nisi
557 3985 678 4055 aliena
698 3981 1005 4080 praeoccupaverit
1033 3984 1245 4068 necessitas,
1279 3980 1319 4048 du

274 4137 382 4184 canon
396 4108 437 4180 Si
456 4117 634 4202 agrotans
649 4098 762 4193 fuerit
775 4098 970 4192 episcopus.
986 4097 1104 4194 (Cous.
1120 4095 1154 4189 5,
1172 4124 1204 4193 q.
1226 4095 1272 4191 3.)

322 4225 483 4322 Quoique
504 4244 558 4292 ces
580 4211 743 4296 autorites
766 4212 931 4288 semblent
957 4213 1117 4286 dieisives
1147 4239 1189 4286 eo
1215 4213 1319 4284 liseur
