2844 5028
251 436 472 504 ordenamus
494 452 542 504 uu
562 451 715 500 concine
733 447 853 514 aneu,
872 447 948 496 ate»
1055 419 1125 520 457

96 593 203 668 naute,
226 578 409 650 seulement
426 603 468 650 en
487 604 525 650 ce
545 603 620 650 sens
645 601 711 673 que
728 578 857 671 chaque
868 575 1002 670 dvdque
1021 586 1056 644 et
1073 598 1128 646 ar·-

95 693 249 790 chevdque
263 695 336 766 doit
351 721 393 766 en
412 695 494 766 faire
513 709 633 766 autaut
652 717 718 763 une
736 693 800 762 fois
819 715 906 786 pour
921 704 1031 760 tontes
1044 688 1127 759 dans

20 805 21 838 ³
94 807 118 878 ie
133 810 273 906 premier
292 809 420 882 concile
434 807 621 907 provincial
639 805 763 903 auquel
786 806 809 876 il
828 807 992 878 assistere.
1042 805 1045 813 ’

132 929 177 996 Le
197 926 324 998 concile
342 928 385 998 de
403 930 542 1016 Trente,
565 951 606 996 en
625 925 821 996 ordonnant
836 938 922 994 cette
938 913 1127 1019 profession

92 1042 127 1112 de
151 1044 195 1114 foi
213 1060 257 1136 et
287 1059 374 1116 cette
395 1069 565 1140 promesse
587 1040 812 1114 d'obdissauce
838 1066 882 1111 au
911 1039 1126 1134 saint-siege,

91 1157 202 1234 n’avait
218 1160 410 1258 rependant
423 1160 536 1256 redige
551 1159 587 1228 ni
598 1159 741 1256 proserit
759 1181 893 1228 aucune
908 1155 1054 1226 formule
1069 1153 1126 1224 dd·

91 1274 249 1346 termiuee.
267 1279 316 1346 Le
333 1300 419 1372 pape
433 1277 490 1346 Pie
509 1279 559 1348 IV
574 1302 595 1370 y
617 1271 754 1370 supplda
773 1298 835 1370 par
849 1296 900 1342 ses
910 1265 1004 1346 deux
1017 1269 1125 1370 bulies

89 1394 126 1460 In
141 1408 368 1464 sacrusanctu
390 1407 424 1462 et
447 1383 787 1488 InJ'unctum'nobis.
812 1389 901 1458 C’est
926 1385 966 1456 de
992 1385 1023 1456 la
1043 1385 1126 1456 der-

88 1505 242 1604 nibreque
255 1533 343 1599 nous
356 1508 586 1580 transcrivons
598 1504 645 1576 les
656 1530 809 1601 passages
824 1507 975 1574 suivants
986 1529 994 1572 :
1007 1531 1022 1566 a
1035 1493 1136 1572 Cum¹

89 1621 190 1716 itaque
210 1626 309 1719 juxta
333 1621 466 1694 concilii
494 1621 685 1694 Tridentini
706 1621 979 1718 dispositionem,
1007 1641 1124 1687 omnes

86 1761 159 1830 quos
189 1738 345 1834 deinceps
368 1736 615 1833 cathedralibus
651 1753 685 1808 et
713 1734 944 1833 superioribus
975 1731 1123 1803 ecclesiis

85 1853 213 1946 prefici,
239 1854 293 1926 vel
317 1854 440 1950 quibus
459 1853 501 1924 de
518 1853 654 1925 illarum
678 1853 918 1948 dignitatibus,
942 1847 1122 1921 canonica·

85 1968 163 2040 tibus
185 1984 218 2042 et
242 1970 319 2042 aliis
338 1970 607 2064 quibuscumque
625 1969 796 2040 beneficiis
814 1966 1045 2038 ecclesiasticis
1062 1988 1122 2035 cu·

84 2106 146 2152 ram
170 2087 361 2156 animarum
384 2084 589 2156 habentibus
604 2085 777 2178 provideri
794 2085 987 2180 continget,
1006 2079 1121 2178 publi·
1213 2115 1217 2122 ,

83 2221 145 2270 cam
163 2199 362 2274 orthodoxae
392 2199 472 2268 fidei
512 2201 756 2297 professionem
788 2200 918 2289 facere,
949 2223 1051 2292 seque
1085 2199 1120 2267 in

83 2315 228 2388 Romanae
254 2313 409 2388 Ecclesiae
433 2315 625 2386 obedientia
644 2307 1123 2412 permansurosspondc1·ect

81 2425 181 2518 jurare
200 2445 438 2518 teneantur3...
455 2429 498 2502 ad
517 2431 583 2503 hoc
602 2446 640 2500 ut
658 2431 759 2502 unius
777 2429 926 2526 ejusdem
940 2427 1019 2498 fidei
1037 2421 1132 2524 pro'-⁴

83 2543 168 2616 fessio
192 2547 411 2618 uniformiter
435 2546 648 2618 abomnibus
663 2547 879 2634 exhibeatur,
899 2545 1069 2640 unicoque
1087 2558 1122 2614 et

83 2681 161 2739 certa
178 2667 268 2738 illius
292 2667 403 2738 forma
421 2667 552 2739 cunctis
578 2668 785 2753 innotescat,
807 2677 932 2734 nostrae
950 2653 1122 2734 sollicitu-

83 2783 158 2855 dinis
182 2801 296 2882 partes
317 2787 354 2854 in
371 2785 439 2856 boc
455 2783 557 2856 alicui
577 2783 717 2854 minime
740 2781 945 2867 desiderari,
974 2781 1120 2855 formam

83 2899 174 2992 ipsam
206 2901 431 2999 presentibus
462 2901 683 2988 adnotatam,
713 2899 900 2996 publicari,
935 2899 1122 2993 etubiquc

83 3021 222 3108 gentium
239 3043 305 3115 per
320 3041 377 3108 eos
393 3014 447 3086 ad
454 3040 542 3113 quos
564 3041 610 3100 ex
627 3014 777 3091 decretis
795 3017 908 3114 prasius
927 3013 1070 3086 corrcr‘lri'
1088 3031 1123 3086 et

82 3130 154 3204 alios
169 3135 350 3230 praedictos
370 3146 501 3230 spectat
519 3132 626 3228 recipi
651 3147 685 3204 et
702 3134 889 3221 observari,
914 3159 954 3204 ac
969 3133 1035 3210 ,sub
1052 3159 1121 3230 poe·

82 3249 127 3318 nis
145 3275 202 3346 per
217 3249 402 3342 concilium
424 3251 534 3346 ipsum
549 3251 584 3322 iu
599 3251 907 3340 controvenientes¹
917 3251 1007 3341 latis,
1024 3253 1123 3347 juata

82 3360 158 3438 hanc
178 3382 212 3438 et
228 3365 419 3458 nonalians
434 3365 577 3436 formam
595 3367 837 3463 professionem
856 3369 1050 3462 praedictam
1062 3393 1120 3440 so·

81 3472 225 3554 lemniter
251 3481 345 3572 fieri,
373 3482 574 3554 auctoritate
594 3483 812 3580 praesentium
839 3482 988 3554 districte
1007 3485 1121 3579 praeci·

81 3593 194 3685 piendo
213 3598 417 3689 mandamus,
430 3599 626 3692 hujusmodi
643 3599 707 3671 sub
726 3613 861 3670 tenure:
873 3602 946 3695 Ego
962 3603 1002 3670 N.
1023 3599 1124 3672 firma

81 3708 138 3782 fide
159 3715 277 3801 credo,
290 3769 293 3777 f
306 3730 341 3785 et
361 3715 524 3810 profiteor
541 3717 674 3807 omnia,
700 3730 735 3786 et
759 3715 893 3811 singula
914 3741 989 3812 quae
1009 3719 1124 3816 conti-⁵

81 3833 248 3902 uenturis
269 3829 422 3926 symbolo
438 3829 532 3922 fidei,
554 3858 622 3928 quo
635 3837 669 3906 S.
690 3837 731 3904 R.
745 3836 785 3904 E.
800 3832 923 3924 utitur,
948 3831 1123 3932 videlicet,

80 3945 171 4018 credo
185 3947 221 4017 in
235 3973 344 4018 uuum
357 3951 508 4018 Deum...
529 3933 701 4044 (symbola
723 3949 765 4018 de
785 3949 918 4046 Nicde).
947 3950 1119 4044 Apostoli-

80 4085 128 4130 cas
153 4078 187 4137 et
216 4061 456 4150 ecclesiasticas
483 4065 701 4153 traditiones,
727 4063 942 4162 reliquasque
971 4067 1124 4164 ejusdem¹

81 4174 516 4277 Ecclesiae‚.obmr,uatioues,
528 4195 564 4254 et
582 4180 841 4258 constitutiones
856 4181 1044 4276 firmissime
1062 4183 1121 4260 ads
