2804 5022
208 477 361 526 concme
380 478 483 527 rnov.
501 479 570 529 raa
585 479 751 529 carrona
767 479 815 530 au
830 479 858 528 s.
871 463 983 528 str'ca.
1060 459 1125 530 ’ὄπι

103 599 300 674 madmodum
317 604 509 700 patriarcha
528 621 726 704 potestatem
745 606 847 676 habet
866 629 967 702 super
981 605 1134 681 subditos

7 697 9 846 l
100 739 181 806 suos,
203 719 247 790 ita
273 745 408 816 quoqne
433 725 604 794 Romanus
631 723 785 820 pontifex
806 737 1004 819 potestatem
1033 723 1134 793 habet

7 847 8 934 ζ
98 855 186 927 super
224 835 401 909 universos
432 841 663 938 patriarchas,
701 837 984 934 quemadmodum
1015 844 1133 912 Petrus

7 947 9 1030 ἶ
98 947 228 1022 habebat
243 975 345 1049 super
360 957 536 1028 universos
551 957 804 1028 christianitatis
818 957 986 1052 principes
1003 971 1037 1027 et
1054 983 1134 1028 con·

7 1119 8 1152 ,
94 1062 159 1135 cilia
177 1067 350 1163 ipsorum:
370 1073 531 1167 quoniam
559 1073 687 1146 Christi
711 1073 855 1142 vicarius
879 1087 930 1142 est
955 1097 1057 1170 super
1077 1100 1131 1144 re·

7 1191 8 1236 ἲ
95 1178 335 1278 demptionem,
351 1187 508 1258 ecclesias
524 1203 557 1258 et
574 1203 715 1260 cunctos
733 1186 889 1283 populos.
906 1217 923 1254 n

7 1317 9 1326 ·
133 1302 179 1368 Le
206 1299 298 1370 droit
318 1302 492 1398 pontifical
522 1303 565 1373 de
587 1304 688 1400 juger
711 1326 795 1373 ceux
816 1303 875 1397 qui
899 1329 940 1374 en
961 1304 1134 1400 appellent

91 1409 141 1482 des
166 1432 340 1488 sentences
368 1418 543 1517 synodales
568 1421 702 1515 portdes
728 1431 847 1488 contre
867 1444 931 1490 eux
951 1445 993 1488 ne
1008 1423 1135 1492 saurait
1202 1447 1206 1456 ·

91 1527 152 1598 etre
169 1535 321 1630 exprime
312 1534 446 1632 'plus'
430 1537 721 1632 energiquement.

7 1659 9 1728 t
131 1649 178 1718 Le
192 1650 324 1722 concile
344 1651 385 1723 de
402 1656 510 1724 Rome
529 1667 611 1723 tenu
631 1677 710 1723 sous
727 1652 758 1722 le
781 1677 868 1747 pape
887 1657 1044 1741 Damaso,
1060 1678 1133 1723 vers

7 1729 9 1836 l
85 1757 145 1832 l'an
164 1763 257 1853 360,
279 1768 412 1840 adressa
440 1784 528 1839 cette
551 1769 716 1890 demands
737 1791 803 1889 aun
829 1793 1021 1863 cmpereurs
1046 1773 1133 1840 Gra·

7 1851 49 1982 l
87 1875 147 1948 tien
163 1897 197 1952 et
216 1881 459 1954 Valentinieu.

131 2027 148 2062 a
166 1999 296 2070 lubere
312 2000 419 2095 pietas
437 2013 547 2070 vestra
566 1997 738 2095 dignetur,
757 1999 963 2094 quicumque
984 1998 1036 2070 vet
1061 2000 1135 2069 fra-

7 2143 8 2150 *
85 2111 270 2186 tais-nostri
288 2117 443 2206 Damasi,
467 2115 519 2186 vel
539 2130 655 2186 nostro
670 2113 801 2212 judicio
824 2117 883 2210 qui
906 2117 1061 2187 catholici
1080 2141 1135 2188 su·

84 2251 168 2319 mus,
181 2233 290 2302 fuerit
304 2235 565 2320 condemnatus,
579 2247 682 2326 atquc
697 2231 824 2326 injuste
837 2231 982 2302 voluerit
991 2233 1135 2303 retinere
1161 2261 1163 2265 ·

82 2343 275 2437 ecclesiam,
292 2348 343 2419 vel
365 2365 505 2420 vocatus
527 2375 546 2420 a
566 2346 765 2420 sacerdotali
780 2347 911 2442 judicio
927 2375 995 2419 non
1009 2350 1133 2436 adesse,

8 2546 12 2556 Ι
81 2464 205 2536 accitus
230 2465 274 2535 ad
291 2467 410 2538 urbem
427 2469 569 2538 Romam
587 2466 716 2550 veniat,
735 2479 795 2535 aut
815 2466 841 2534 si
861 2467 896 2534 in
919 2465 1135 2561 longinquio-

80 2575 171 2649 ribus
195 2581 355 2676 partibus
383 2581 580 2676 hujusmodi
608 2580 780 2650 emerserit
806 2581 965 2674 quaestio,
997 2581 1041 2650 ad
1067 2605 1136 2650 me·

80 2693 282 2790 tropolitani
301 2696 490 2768 deducatur
508 2721 661 2768 examen.
682 2694 745 2766 Vel
768 2696 794 2764 si
815 2696 887 2790 ipse
906 2695 1138 2792 metropolita·

78 2835 138 2880 uus
157 2829 233 2903 cst,
258 2817 400 2886 Romam
419 2816 629 2903 necessario,
654 2812 706 2883 vel
725 2813 766 2884 ad
786 2839 843 2884 eos
860 2839 946 2910 quos
961 2816 1137 2886 Romanus
1195 2880 1197 2885 .

74 2929 260 3027 episcopus
275 2929 409 3026 judices
428 2929 578 3021 dederit,
595 2929 800 3001 contendere
818 2933 889 3000 sinc
905 2930 1067 3002 dilatione
1081 2933 1140 3026 ju·

76 3041 212 3116 beatur.
233 3043 290 3142 (C.
307 3045 418 3134 Wolf,
433 3045 477 3116 de
494 3051 592 3116 Rom.
611 3045 755 3142 appell,
771 3071 802 3117 c.
824 3046 877 3142 8.)

122 3166 220 3232 Vers
250 3159 313 3231 l’an
334 3165 422 3253 410,
441 3160 539 3258 appel
559 3161 601 3230 de
618 3161 708 3231 saint
731 3167 812 3233 Jean
832 3161 1071 3257 Chrysostome
1095 3189 1137 3235 au

73 3300 162 3373 pape
186 3283 356 3348 lnnocent
372 3281 429 3348 1⁶¹.
453 3263 723 3373 -'Theophile‚
747 3279 938 3373 patriarche
961 3279 1138 3351 d’Alexan·

73 3391 160 3480 drie,
178 3395 278 3466 avait
301 3391 441 3489 de'pose,
460 3419 522 3491 par
546 3408 704 3464 sentence
729 3392 903 3490 synodale,
923 3394 1010 3465 saint
1032 3397 1135 3493 Chry·

72 3525 256 3600 sostome,
291 3509 498 3606 archevdque
533 3512 576 3581 de
614 3509 911 3607 Constantinople.
951 3512 1137 3608 Theophile

73 3649 209 3721 envoya
229 3651 265 3696 sa
286 3625 430 3696 relation
449 3651 493 3695 au
509 3650 596 3721 pape
615 3627 778 3696 lnnocent
791 3629 849 3714 1⁶¹,
872 3639 905 3696 et
925 3627 1013 3696 saint
1027 3629 1136 3723 Chry-

71 3760 232 3814 sostome
246 3741 294 3813 lui
309 3767 438 3839 envoya
455 3767 516 3812 son
528 3740 639 3838 appel.
656 3745 824 3811 Innocent
840 3743 897 3831 1⁶¹,
914 3757 1015 3812 avant
1027 3745 1136 3816 meme

72 3857 212 3929 d’avoir
232 3857 379 3928 entendu
411 3856 458 3928 les
476 3859 623 3955 parties,
649 3859 759 3926 arneto
785 3853 885 3951 qu'cn
911 3857 1089 3929 attendant
1105 3859 1136 3930 le

69 3973 263 4070 jugement
293 3973 337 4044 de
363 3989 452 4045 cette
479 3999 601 4062 cause,
624 3972 654 4042 la
684 3987 842 4042 sentence
871 3977 991 4070 portde
1019 3990 1136 4046 contre
1192 4025 1193 4030 κ

67 4091 165 4160 saint
184 4089 430 4185 chrysostome
458 4089 604 4160 n’aumit
622 4113 735 4159 aucun
756 4088 838 4158 etfet
856 4105 890 4160 et
910 4116 976 4186 que
993 4092 1025 4160 la
1045 4117 1138 4162 com·

70 4205 230 4274 munion
249 4203 445 4303 episcopale
466 4205 514 4278 lui
534 4207 635 4276 serait
652 4203 846 4278 continue'e.
873 4206 899 4276 11
921 4209 986 4278 cita
1006 4209 1135 4278 ensnile

935 4331 970 4383 21
