2804 5022
285 453 357 538 odd
627 445 816 520 rnorsmnn
841 473 982 521 ruanis.

333 601 454 690 «Quia
482 625 535 670 res
564 598 727 694 postulat,
755 599 1025 695 approbandum.
1041 614 1091 670 est
1118 595 1309 676 documentis

282 749 300 784 α
317 718 479 789 maximas
492 715 718 786 Orientalium
736 715 890 800 ecclesias
912 719 947 786 in
967 717 1099 812 magnis
1124 715 1260 811 negotiis
1283 714 1312 782 in

281 865 297 900 n
315 835 438 928 quibus
458 859 543 928 opus
561 848 646 902 esset
660 816 1052 928 disceptatione'majorn
1070 833 1181 904 sedern
1195 853 1315 924 semper

280 981 296 1016 «
314 949 521 1021 consuluisse
533 973 717 1036 romanam,
730 965 773 1038 et,
788 952 919 1045 quoties
932 975 1011 1020 usus
1025 949 1146 1045 exegit,
1156 947 1227 1041 ejus
1236 945 1317 1016 auxi·

279 1066 399 1148 «dium
420 1060 615 1162 postuiasse.
630 1097 646 1132 o
663 1070 770 1136 Entre
787 1082 900 1138 autres
918 1065 1085 1161 exemples
1104 1090 1171 1159 que
1192 1061 1250 1134 fait
1270 1087 1319 1132 va-

273 1181 345 1252 ioir
369 1207 407 1252 oe
429 1207 620 1277 pape-pour
639 1207 788 1279 prouver
807 1208 844 1252 ce
863 1181 944 1276 qn'il
966 1205 1111 1273 aranee,
1138 1180 1161 1250 il
1186 1175 1319 1274 rappelie

280 1313 449 1369 comment
465 1297 684 1368 l'ordination
698 1299 739 1369 de
756 1301 926 1389 Nectaire,
946 1299 1157 1392 archevdque
1171 1295 1215 1366 de
1226 1298 1320 1366 Cons-

279 1403 478 1510 tantinople,
498 1429 599 1508 ayant
612 1411 665 1484 e‘te
681 1413 762 1484 faite
777 1439 819 1483 en
838 1413 967 1509 synode
988 1438 1066 1482 sans
1084 1411 1189 1507 qu'on
1210 1435 1251 1480 en
1269 1408 1320 1478 eiu

277 1526 382 1598 refdrd
399 1527 418 1596 ir
436 1529 554 1614 Rome,
574 1526 628 1596 fut
644 1527 803 1623 regardde
824 1553 955 1604 comme
978 1526 1089 1616 nulle,
1105 1542 1141 1598 et
1163 1535 1323 1596 comment

278 1641 477 1739 l’emperenr
495 1642 669 1712 Theodose
690 1668 818 1739 envoya
840 1642 900 1730 des
916 1643 1058 1740 ddpute‘s
1073 1669 1117 1713 au
1134 1639 1264 1738 pontife
1278 1662 1324 1708 ro·

176 1788 184 1808 ·
276 1759 368 1855 rnain
393 1783 481 1854 pour
507 1758 746 1854 obtenir‘qu'il
772 1758 804 1830 la
829 1759 963 1830 validat.
990 1759 1093 1856 (Chr.
1115 1756 1227 1848 Wolf,
1244 1769 1269 1828 t.
1287 1756 1326 1844 V,

277 1899 313 1970 r·
333 1873 432 1970 am.)

283 1989 286 1994 ’
325 1989 410 2063 L'an
429 1993 513 2087 419,
531 1990 561 2061 le
580 1992 689 2061 mdme
708 2017 806 2088 pape,
828 2008 930 2088 ayant
949 2017 1031 2084 reeu
1045 1990 1106 2063 des
1118 1990 1329 2064 accusations

276 2133 395 2206 graves
409 2123 528 2178 contre
544 2109 711 2195 Maxime,
727 2109 856 2203 e'vdque
877 2109 919 2188 de
938 2109 1108 2198 Valence‚
1129 2108 1252 2178 desivit
1271 2127 1329 2174 aux

276 2226 420 2318 dvdques
442 2223 500 2292 des
519 2221 645 2294 Gaulos
665 2223 706 2293 de
724 2248 758 2294 se
778 2225 895 2296 reunir
913 2247 955 2293 en
967 2221 1106 2304 ¹concile
1127 2247 1223 2319 pour
1239 2221 1332 2314 juger

275 2355 363 2410 cette
380 2365 491 2428 cause,
504 2355 537 2409 et
555 2339 597 2410 de
611 2339 660 2409 lui
674 2339 758 2410 faire
774 2342 885 2412 savoir
899 2365 937 2412 ee
951 2339 1049 2434 qu’ils
1066 2354 1200 2410 auront
1217 2331 1333 2420 statui,

274 2457 343 2528 afin
361 2456 444 2552 qu’il
463 2455 651 2553 l’appuydt‚
670 2481 805 2528 comme
826 2457 903 2528 cela
922 2473 976 2528 est
992 2457 1221 2548 ne'oassaa're,
1243 2454 1284 2523 de
1300 2475 1332 2520 sa

273 2573 522 2649 confirmation.
540 2573 641 2644 Voici
663 2571 826 2668 quelques
842 2598 996 2670 passages
1009 2573 1051 2644 de
1070 2595 1107 2644 oe
1130 2598 1242 2670 grave
1259 2595 1334 2642 mo-

274 2705 418 2778 nument
434 2686 705 2784 ecelesiastique:

324 2835 341 2872 α
361 2805 555 2875 Bonifacius
567 2806 745 2900 episcopus
756 2804 927 2895 Patroclo,
939 2807 1113 2900 Remigio.
1132 2859 1143 2876 .
1159 2857 1171 2878 .
1194 2818 1336 2878 eteoete·

271 2925 317 2994 ris
335 2923 499 3018 episeopis
520 2947 578 3018 per
599 2920 727 2992 Gallias
750 2937 783 2991 et
802 2938 928 3017 septem
948 2923 1144 3019 provincias
1167 2923 1336 2994 eonstitu-

272 3039 328 3108 tis-.
346 3034 534 3108 Valentinae
550 3061 612 3104 nos
626 3033 738 3106 clerici
753 3037 899 3105 civitatis
913 3036 1081 3122 adierunt,
1096 3049 1337 3130 proponentes

272 3180 333 3252 per
346 3151 497 3224 libellum
512 3154 654 3224 erimina
668 3171 742 3248 quae
758 3153 946 3222 Maximum
963 3167 1046 3221 teste
1063 3166 1137 3221 tota
1155 3151 1339 3248 provincia

272 3284 425 3341 asserunt
450 3270 665 3338 commisisse.
683 3268 844 3362 Delegata
865 3270 961 3338 toties
983 3267 1214 3362 cognitione,
1242 3267 1338 3340 illum

272 3384 1341 3480 constitutasempersubterfugissejudioia‚neocoufisumoon·

272 3501 411 3572 scientia
423 3500 595 3600 fesfinasse
608 3517 647 3570 ut
659 3501 686 3570 si
696 3515 782 3572 esset
790 3499 1341 3575 innocensexaminatisomnibus

270 3630 488 3712 purgaretur,
500 3640 541 3686 ex
551 3629 739 3684 vestrarum
748 3639 887 3711 quoqne
896 3616 1089 3686 chartarum
1102 3613 1340 3684 instructione

187 3817 189 3820 Ι
279 3733 512 3825 cognovimus.
522 3785 544 3804 ..
557 3731 748 3802 Debueram
765 3731 900 3824 quidem
912 3730 983 3826 jam
998 3753 1088 3798 nuno
1103 3728 1262 3824 dignam
1277 3753 1341 3827 pro

271 3843 1345 3939 ejusaucusatisinnostrojudicioactibus...ferresententiam...

270 3937 477 4042 Dilationem
489 3978 602 4032 tamen
613 3962 765 4047 dedimus
776 3977 808 4032 et
819 3962 1028 4032 decrevimus
1038 3975 1200 4032 vestrum
1212 3964 1342 4034 debere
1396 3983 1397 3988 ¹

271 4081 360 4152 intra
379 4071 589 4179 provinoiam
607 4103 678 4161 asse
695 4081 875 4176 judicium,
893 4065 926 4152 et
942 4082 1144 4176 congregari
1161 4083 1344 4180 synodum

269 4211 348 4268 ante
374 4197 461 4268 diern
486 4196 703 4302 kalendarum
726 4199 1008 4289 novembrium...
1032 4198 1102 4272 Nos
1122 4213 1256 4300 anatem
1282 4223 1344 4301 per
