2910 5038
312 464 383 551 564
654 465 857 545 cannatina
883 483 1025 556 enarra.

309 611 426 708 Kyrie,
438 607 573 680 eleison.
594 610 742 698 Christe,
760 609 901 682 eleison.

312 728 426 824 Kyrie,
441 726 578 797 eleison.
595 727 741 812 Christe,
759 726 839 798 audi
850 753 922 799 nos.

310 841 454 931 Christe,
472 841 592 912 exaudi
613 867 684 914 nos.

236 987 240 994 ·
311 959 411 1028 Pater
423 956 466 1028 de
481 955 574 1028 coelis
591 960 698 1050 Deus,
718 959 879 1031 miserere
893 959 1001 1030 nobis.

311 1073 375 1143 Fili
393 1072 586 1170 redemptor
599 1073 719 1144 mundi
738 1079 842 1164 Deus,
859 1077 1016 1147 miserere
1032 1075 1143 1148 nobis.
1209 1151 1212 1158 Ι

311 1188 458 1286 Spiritus
472 1204 585 1260 sancte
598 1193 703 1279 Deus,
719 1191 877 1262 miserere
898 1190 1008 1262 nobis.

313 1312 436 1381 Sancta
451 1311 600 1380 Trinitas
614 1335 711 1380 nnus
729 1314 831 1401 Deus,
851 1313 1010 1382 miserere
1028 1310 1140 1382 nobis.

312 1430 434 1498 Sancta
451 1427 574 1516 Maria,
592 1449 650 1496 ora
669 1451 732 1522 pro
753 1427 863 1498 nobis.

312 1548 435 1626 Sancta
454 1544 519 1615 Dei
538 1545 697 1640 genitrix,
720 1569 780 1613 ora
803 1569 865 1640 pro
888 1545 995 1614 nohis.

313 1664 437 1734 Sancta
453 1661 561 1756 Virgo
580 1660 774 1756 Virginum,
793 1685 853 1732 ora
871 1687 935 1757 pro
956 1663 1064 1732 nobis.
1119 1755 1122 1764 Δ

313 1785 436 1853 Sancte
453 1776 607 1865 Michael,
625 1803 685 1849 ora
701 1801 768 1877 pro
786 1779 896 1849 nohis.
936 1789 941 1796 '

313 1902 433 1971 Sancte
449 1894 600 1988 Gabriel,
617 1921 676 1966 ora
692 1921 757 1993 pro
776 1897 886 1969 nobis.

314 2017 435 2085 Sancte
453 2009 617 2107 Raphael,
640 2037 699 2082 ora
718 2037 781 2108 pro
800 2013 907 2083 nobis.

313 2132 440 2198 Omnes
457 2128 563 2198 sancti
579 2126 700 2223 Angeli
720 2143 754 2197 et
771 2127 986 2225 Archangeli,
1004 2142 1098 2198 orate
1122 2152 1186 2223 pro
1209 2127 1307 2197 nohis.

315 2250 444 2317 Omnes
458 2244 565 2314 sancti
576 2245 752 2314 beatorum
763 2245 949 2339 Spirituum
959 2243 1104 2332 ordines,
1111 2259 1275 2341 oratepro
1283 2239 1344 2309 noh.

314 2366 437 2434 Sancte
455 2364 601 2430 Joannes
616 2361 780 2456 Baptista,
799 2387 859 2432 ora
873 2386 936 2457 pro
955 2361 1064 2431 nobis.

314 2465 437 2551 Sancte
454 2478 590 2575 Joseph,
605 2503 664 2548 ora
682 2501 746 2573 pro
759 2477 870 2550 nobis.

315 2599 441 2666 Omnes
456 2596 562 2665 sancti
584 2596 787 2665 Patriarchae
801 2610 835 2665 et
849 2595 1044 2691 Prophetae,
1068 2609 1164 2665 orate
1181 2619 1243 2691 pro
1260 2588 1344 2661 nobis.

316 2715 438 2783 Sancte
451 2715 562 2799 Petra,
578 2735 638 2781 ora
652 2735 715 2806 pro
730 2712 840 2781 nobis.

315 2830 437 2900 Sancte
452 2825 568 2913 Paule,
582 2851 641 2896 ora
658 2851 720 2923 pro
735 2827 845 2898 nobis.

314 2947 436 3015 Sancte
452 2942 599 3032 Andrea,
612 2967 671 3012 ora
684 2967 747 3038 pro
764 2942 871 3013 nobis.

316 3063 437 3131 Sancte
453 3058 588 3149 Jacobe,
606 3083 666 3128 ora
689 3083 752 3155 pro
774 3058 883 3127 nobis.

285 3217 288 3224 .
317 3180 440 3246 Sancte
453 3181 612 3263 ioannes,
628 3201 687 3246 ora
704 3199 767 3271 pro
787 3177 897 3247 nobis.

316 3294 438 3362 Sancte
452 3291 594 3380 Thoma,
606 3316 664 3361 ora
679 3316 744 3388 pro
760 3291 869 3360 nobis.
947 3323 955 3331 ’

316 3411 438 3479 Sancte
451 3408 587 3490 Jacobs,
607 3431 665 3476 ora
684 3432 746 3502 pro
768 3405 876 3474 nobis.

315 3527 437 3595 Sancte
450 3522 616 3619 Phiiippe,
632 3541 691 3592 ora
709 3547 771 3618 pro
792 3521 900 3590 nobis.
920 3521 924 3542 ‘

316 3642 438 3710 Sancte
454 3638 715 3729 Bartholomaee,
734 3663 793 3707 ora
817 3663 879 3732 pro
902 3636 1012 3706 nobis.

315 3757 438 3826 Sancte
454 3756 627 3842 Matthaee,
642 3780 701 3824 ora
724 3780 786 3850 pro
805 3753 915 3823 nobis.
1032 3783 1036 3790 ’

313 3872 436 3941 Sancte
449 3871 578 3958 Simon,
602 3895 661 3940 ora
679 3896 741 3965 pro
760 3871 868 3940 nobis.

314 3990 437 4059 Sancte
453 3987 607 4075 Thadaee,
629 4011 689 4056 ora
706 4012 770 4082 pro
790 3986 898 4055 nobis.

262 4159 264 4164 .
314 4107 436 4202 Sancte
452 4103 611 4191 Matthia,
631 4129 690 4174 ora
712 4128 775 4198 pro
797 4103 902 4172 trabis.

188 4174 221 4226 i
307 4194 438 4289 'Sihcte
459 4219 623 4310 Biirnaha,
641 4245 701 4289 ora
719 4244 780 4314 pro
797 4219 903 4288 nobis.
