2804 5022
130 411 132 416 ’
200 415 353 465 conclus
370 414 473 462 mot.
494 415 563 464 PAR
581 413 744 464 utemur
758 415 806 464 ΑΙ]
824 415 853 464 S.
869 396 979 464 sulen.
1056 419 1129 492 279

96 540 1127 640 materiam,formametministrum,ctaliahujusmodi.(Juxta

95 671 193 728 notata
211 659 247 728 in
269 683 343 754 cap.
364 660 519 752 Quoties.
542 662 603 746 od,
621 684 656 758 q.
679 658 734 754 1.)
755 657 868 734 Solius
890 684 987 756 pape
1002 674 1052 730 est
1070 683 1129 756 ge·

94 772 207 844 recales
224 800 372 846 canones
384 775 565 846 condere...
582 775 689 871 ipsius
707 789 758 844 est
772 772 953 846 concilium
971 774 1128 872 generale

13 895 14 938 ἓ
92 891 300 982 confirmare,
322 907 356 962 et
380 893 452 988 ejus
474 890 734 964 constitutiones
758 892 904 990 probare
922 891 975 961 vel
1001 892 1129 992 impro-

82 1003 201 1078 tareet
216 1008 470 1102 interpretari...
485 1009 570 1096 Quae
585 1019 666 1076 sunt
680 1005 784 1080 dubia
796 1003 850 1075 vel
866 1006 1011 1078 obscura
1028 1007 1062 1076 in
1077 1031 1129 1076 re·

12 1211 14 1218 .
91 1123 677 1224 scriptisipsesolusinterpretatur...
695 1119 1128 1220 Solusipsesuppletquod

13 1254 14 1330 j
90 1235 117 1305 in
134 1239 362 1310 contractibus
383 1237 517 1329 delicit,
531 1235 669 1336 quando
683 1234 810 1307 scilicet
822 1235 950 1336 aliquid
964 1234 1057 1332 quod
1071 1238 1127 1334 jus

12 1355 14 1444 j
90 1355 278 1425 canonicum
304 1356 448 1451 requirit
469 1355 630 1425 omissum
655 1370 745 1424 ast...
762 1351 919 1444 Relaxat,
941 1367 1129 1424 commutat

13 1472 14 1520 t
89 1483 116 1536 et
140 1472 382 1566 interpretatur
403 1471 642 1570 jusjurandum
667 1471 702 1542 in
720 1471 821 1540 rebus
841 1485 875 1538 et
897 1469 1049 1568 personis
1069 1466 1128 1538 ali·

88 1587 172 1680 cujus
192 1589 401 1660 momenti...
434 1593 509 1687 lpse
537 1587 630 1659 solus
649 1586 799 1657 restituit
817 1610 874 1656 eos
895 1586 955 1682 qui
984 1582 1127 1657 solemni

89 1699 146 1770 ritu
159 1717 237 1772 sunt
250 1728 270 1772 e
285 1702 485 1775 elericorum
503 1703 609 1802 gradu
626 1702 785 1797 dejecti...
798 1705 841 1776 Et
855 1700 998 1772 remittit
1012 1723 1128 1798 poenas
1176 1757 1179 1762 Α

13 1893 14 1908 χ
88 1815 123 1884 ob
154 1817 331 1890 simoniam
365 1821 400 1890 in
434 1820 552 1890 ordine
583 1819 635 1889 vel
669 1817 835 1890 beneficio
867 1831 1124 1890 contractam...

87 1933 163 2001 Item
188 1933 318 2030 aliquos
341 1935 498 2034 legitimis
518 1933 687 2006 natalibus
715 1935 862 2004 restituit
887 1933 979 2030 quod
1005 1935 1128 2004 attinet

86 2048 121 2116 ad
139 2075 178 2122 ea
199 2077 274 2146 quae
288 2050 477 2151 spiritualia
491 2066 603 2122 sunt...
619 2055 746 2147 Legata
760 2050 803 2119 ad
820 2051 894 2149 pias
907 2075 1024 2120 causas
1039 2049 1127 2119 facta

86 2189 176 2237 nemo
194 2165 293 2258 alius,
312 2170 375 2240 nisi
388 2173 561 2242 Romanus
575 2167 740 2265 pontifex,
758 2181 867 2265 potest
885 2165 928 2234 ad
947 2163 1030 2236 alios
1047 2189 1126 2235 usus

86 2299 271 2380 convertere
288 2283 342 2356 vel
360 2286 563 2375 transferre;
582 2309 661 2354 nam
676 2281 724 2353 illi
743 2281 806 2353 soli
822 2281 900 2351 licet
916 2295 1126 2351 commutare

12 2443 31 2496 ¹·
85 2402 150 2494 pias
164 2415 440 2476 testamentorum
459 2400 691 2474 voluntates...
706 2404 748 2469 ln
766 2411 959 2469 sanctorum
976 2393 1126 2468 coelitum

11 2525 13 2602 j
88 2541 258 2590 numerum
288 2518 378 2590 solus
398 2518 470 2614 ipse
492 2541 643 2590 summus
663 2513 814 2612 pontifex
831 2511 977 2612 aliquem
1000 2513 1126 2584 referre

11 2707 12 2714 ,
86 2649 203 2728 potest,
213 2635 279 2706 hoc
291 2637 382 2707 enim
392 2635 461 2706 sedi
475 2630 666 2732 apostolicae
680 2630 864 2702 reservavit
876 2627 1065 2702 Alexander
1074 2631 1125 2700 Ill

87 2748 130 2842 (in
145 2778 218 2851 cap.
240 2753 282 2822 de
300 2749 475 2848 Reliquiis,
494 2764 528 2821 et
546 2773 656 2820 vener.
678 2744 921 2842 sanctorum)...
942 2745 1043 2816 Unde
1053 2746 1125 2842 jam

11 2913 12 2944 .
88 2869 227 2960 sequitur
241 2870 416 2963 episcopos
430 2865 531 2936 hodie
545 2889 613 2934 non
626 2888 724 2959 posse
738 2877 871 2932 sanctos
888 2863 1126 2938 canonizare...

11 2963 12 2970 .
87 2983 174 3054 Solus
184 3009 270 3082 papa
280 2997 391 3082 potest
400 2980 608 3080 plenissimas
623 2993 838 3078 peccatorum
848 2976 1126 3068 condonationes,

11 3091 12 3100 ³
87 3098 142 3172 hoc
162 3118 213 3173 est
240 3098 476 3196 indulgentias,
491 3097 686 3168 concedere.
709 3126 726 3162 »
742 3094 925 3196 (Boeben,
945 3095 986 3166 de
1001 3097 1127 3170 Potest.

88 3218 190 3314 episc,
207 3216 307 3311 alleg.
324 3213 379 3304 50,
398 3241 433 3286 n.
452 3212 494 3286 31
518 3214 604 3311 seq.)

126 3338 172 3406 La
186 3329 291 3432 glose,
301 3357 360 3404 sur
372 3330 403 3402 le
413 3331 511 3429 chap.
528 3356 541 3402 1
555 3327 598 3400 de
612 3328 859 3402 Translatt'one
869 3330 1129 3428 episcoporum,

89 3471 103 3518 a
123 3451 286 3520 renfermd
306 3448 388 3520 dans
407 3447 454 3520 les
471 3459 591 3543 quatre
607 3470 682 3516 vers
698 3447 849 3518 suivants
863 3444 911 3518 les
929 3444 1128 3542 principales

89 3589 190 3639 causes
214 3566 381 3662 majenres
407 3561 574 3638 reserve'es
601 3589 645 3638 au
673 3588 776 3660 pape,
807 3563 924 3658 etqui
950 3561 1128 3656 ddpassent

89 3705 139 3776 par
164 3687 374 3780 conse'quent
402 3680 436 3755 la
469 3677 686 3780 competence
720 3680 778 3750 des
810 3677 957 3751 couciles
988 3678 1127 3777 provin·

90 3821 191 3874 ciaux:

215 3943 358 4006 Restituit
373 3959 450 4022 papa
465 3939 558 4015 solus,
573 3939 695 4019 deponit
708 3951 739 4000 et
752 3939 829 4018 ipse,

216 4042 333 4106 Dividit
345 4061 381 4102 ao
398 4040 480 4116 unit,
494 4039 597 4104 eximit
609 4051 698 4120 atque
714 4036 838 4120 probam
