2836 5024
205 503 403 552 asasosuns
419 503 634 550 cosiaosaur
653 501 881 570 inconcus,
898 502 972 550 erc.
1053 475 1121 552 105

15 619 17 686 l
97 653 142 698 son
161 627 300 725 pallium,
318 629 484 700 demanda
499 655 542 698 au
562 655 647 725 pape
661 627 825 726 Grdgoire
838 633 923 702 XIII
943 655 1011 700 une
1026 645 1121 700 auto·

96 746 209 814 risation
229 745 371 841 spc'cialc
391 746 449 840 qui
472 744 520 815 lui
543 745 596 814 fut
619 744 793 816 accordde.
811 747 908 818 Nous
931 771 1016 817 nous
1037 771 1119 818 con·

15 865 16 910 f
96 875 204 931 tentans
219 862 398 932 d’extraire
417 861 459 932 de
478 887 516 932 ce
532 861 613 930 bref
626 861 655 930 lc
673 886 813 958 passage
832 863 990 934 suivant:
1149 952 1153 960 ι

131 1007 145 1042 ιι
160 982 241 1050 Cum
255 981 372 1074 itaque
393 1002 455 1073 pro
470 975 648 1048 nonnullis
666 978 775 1050 causis
790 979 990 1072 urgentibus
1011 979 1123 1051 conci·

95 1123 107 1156 «
121 1092 188 1164 lium
206 1093 416 1192 provinciale
431 1096 585 1190 proximo
600 1119 736 1192 quoquc
761 1109 915 1190 tempore
935 1094 1046 1168 adhuc
1064 1122 1121 1168 ce-

94 1208 301 1282 «lebrandum
332 1211 393 1300 sit,
420 1235 567 1307 cumque
592 1210 652 1306 qui
688 1209 834 1282 ecclcsiae
866 1211 1048 1284 Rhomensi
1079 1239 1120 1284 ex

94 1327 358 1423 «dispensatione
381 1326 563 1424 apostolica
585 1326 841 1398 administrator
866 1329 999 1417 existis,
1018 1329 1121 1425 pallio

16 1525 17 1540 ἶ
93 1444 257 1516 «nundum
273 1430 432 1540 suscepto
452 1443 486 1513 id
504 1443 613 1514 facere
635 1469 784 1540 nequeas
803 1444 869 1515 nisi
883 1459 1000 1516 nostra
1020 1459 1054 1516 et
1070 1471 1123 1516 se·

15 1637 17 1650 X
92 1557 157 1628 rdis
171 1560 365 1656 apostolicae
377 1560 439 1630 tibi
455 1558 591 1631 licentia
607 1559 814 1656 suffragetur
833 1575 868 1630 et
886 1560 1040 1650 facultas,
1060 1587 1123 1631 nos

16 1671 17 1680 ’
92 1676 173 1746 «tuis
188 1679 223 1746 in
241 1678 307 1748 hac
324 1691 418 1772 parte
431 1675 737 1774 supplicationibus
753 1675 916 1764 inclinati,
931 1675 1039 1747 eidem
1057 1677 1123 1747 cir·

15 1799 17 1808 ⁴
91 1793 351 1889 «cumspectioni
365 1809 432 1864 tuae
447 1807 484 1864 ut
500 1819 563 1890 pro
575 1794 639 1864 hac
653 1794 724 1863 vice
740 1807 884 1881 tantum,
903 1791 1006 1888 pallio
1022 1795 1121 1863 etiam

16 1951 17 1960 2
90 1934 103 1970 r
116 1924 211 2002 perte
224 1909 382 1981 nundum
399 1924 569 2006 suscepto,
584 1907 766 1980 concilium
783 1907 991 2004 provinciale
1003 1935 1127 1980 convo·

92 2047 185 2094 «care
200 2025 310 2120 possis
331 2024 373 2094 ad
391 2024 551 2100 effectum
567 2039 599 2094 et
619 2022 704 2094 illud
726 2038 828 2120 prout
848 2025 952 2095 moris
970 2040 1020 2096 est
1042 2023 1127 2096 cele·

16 2139 17 2210 j
40 2127 42 2132 ¹
90 2139 201 2212 «lirare
213 2168 254 2212 ac
271 2141 384 2214 cidem
399 2141 579 2237 praesidere
594 2139 698 2212 libere
711 2154 746 2210 et
760 2139 862 2229 licite,
872 2141 973 2211 etiam
985 2166 1047 2237 pro
1063 2141 1126 2212 hac

16 2265 18 2354 g
92 2257 178 2328 rvice
196 2259 331 2330 tantum
348 2257 474 2344 valeas,
497 2257 682 2354 apostoliea
703 2259 906 2330 auctoritate
926 2255 968 2328 de
990 2256 1128 2354 speciali

16 2383 18 2456 ἶ
92 2375 213 2468 «gratia
229 2375 449 2448 concedimus
464 2390 498 2455 et
510 2374 737 2474 indulgemus.
750 2373 968 2472 »(Οάεερυυ,
981 2401 1013 2470 p.
1027 2372 1127 2470 255.)
