2910 5038
334 437 555 526 oednxrrous
576 455 625 515 nu
644 455 797 508 couerci
813 455 938 523 raon,
957 457 1030 506 erc.
1139 431 1207 533 547

210 587 405 658 Meminisse
426 586 597 682 oportebit
618 611 686 658 nou
707 610 804 681 posse
822 587 998 686 episcopos
1020 612 1083 682 uec
1104 613 1211 686 syno-

161 704 244 782 dum
266 703 544 800 provincialem...
563 702 807 800 appellationes
828 704 862 774 in
882 705 1014 790 ‚casibus
1033 705 1067 774 in
1088 706 1210 802 quihus

160 819 243 891 alias
257 822 503 915 permittuntur
516 820 713 915 prohibere;
726 843 786 903 nec
800 821 1058 914 praetermittere
1071 820 1210 892 modum

161 952 196 1006 et
215 934 367 1006 ordinem
388 962 409 1006 a
426 936 503 1030 jure
525 950 559 1006 et
576 934 719 1006 concilio
741 935 959 1022 Tridentino,
988 941 1156 1034 praecipue
1174 943 1210 1012 in

161 1051 342 1148 puniendis
359 1051 637 1150 corrigendisque
651 1053 840 1146 excessibus
854 1106 865 1154 ,
878 1054 1122 1150 praescriptum.

211 1173 252 1238 In
284 1169 424 1258 materia
448 1169 693 1262 jurisdictionis
711 1164 939 1244 ecclesiastice
962 1184 996 1238 et
1021 1171 1210 1257 saecularis,

161 1284 348 1362 consultius
367 1286 430 1356 erit
454 1286 539 1356 nihil
560 1301 725 1376 statuere,
743 1311 846 1382 quam
867 1300 905 1356 ut
924 1302 1082 1383 appareat
1099 1313 1140 1358 ex
1154 1295 1213 1383 ju·

161 1401 256 1484 ribus
277 1399 434 1487 Ecclesiae
451 1401 580 1497 aliquid
601 1427 671 1474 esse
691 1384 908 1494 imminutum
932 1401 984 1492 vel
1001 1420 1211 1500 usurpatum.

161 1517 309 1588 Videtur
329 1518 430 1588 etiarn
453 1518 692 1616 abstinendum
714 1544 733 1591 a
752 1520 924 1603 mentione
948 1517 1062 1616 legum
1079 1521 1213 1612 saecnla·

160 1635 270 1724 rium,
292 1634 478 1730 presertim
497 1635 524 1704 si
543 1633 663 1706 affines
681 1634 749 1706 sint
765 1633 829 1725 illis
848 1659 923 1730 quae
939 1659 960 1723 a
978 1635 1056 1709 sede
1077 1652 1213 1734 appsto-

160 1749 225 1820 liea
244 1751 442 1846 improbatae
463 1750 612 1824 fuerunt.

209 1867 375 1956 vaerint
391 1867 492 1948 etiarn
507 1883 681 1968 exerpptos
693 1865 841 1949 decretis
853 1867 985 1942 concilii
1001 1871 1214 1966 pi·oyincialis

161 2007 231 2058 nou
245 1981 410 2078 obligari,
430 1983 493 2059 uisi
516 1983 550 2057 iu
565 1985 698 2069 casibus
713 1984 748 2056 in
765 1984 888 2080 quilius
904 2010 923 2054 a
938 1986 1016 2081 jure
1029 1991 1212 2077 commnni,

160 2099 307 2169 concilio
325 2099 523 2170 Tridentino
537 2115 572 2183 et
593 2125 806 2177 summorum
827 2101 1026 2197 pontificum
1048 2107 1209 2192 constitu·

160 2217 312 2304 tionibus
329 2215 519 2312 specialiter
535 2218 701 2314 episcopis
719 2233 780 2290 aut
795 2216 939 2304 concilio
958 2220 1159 2315 provinciali
1178 2224 1212 2293 in

160 2336 252 2430 ipsos
266 2349 412 2429 potestas
427 2335 555 2409 tributa
567 2349 633 2422 est,
650 2349 688 2404 ut
701 2359 795 2404 sacra
808 2336 1027 2429 congregatio
1041 2339 1212 2424 censuit...

211 2453 299 2525 Cum
309 2449 520 2546 regularibus
530 2449 702 2545 quomodo
713 2449 860 2544 synodus
870 2450 1086 2544 provincialis
1097 2471 1213 2548 mone·

160 2555 371 2666 dere'possit,
390 2583 450 2650 aut
467 2567 606 2652 debeat,
627 2565 773 2640 ediscere
790 2566 914 2660 poterit
927 2592 968 2646 ex
985 2568 1132 2654 concilio
1143 2573 1212 2655 Tri·

160 2684 410 2779 dentinolsess.
429 2680 489 2773 25,
508 2682 549 2770 de
565 2680 705 2778 Regul.)
721 2697 755 2762 et
771 2706 811 2753 ex
827 2680 1071 2776 posterioribus
1084 2687 1210 2774 Roma-

159 2826 284 2872 norum
303 2799 502 2896 pontificum
521 2823 560 2868 ca
576 2798 617 2868 de
636 2823 672 2869 re
690 2796 1005 2888 constitutionibus,
1026 2803 1209 2892 presertim

160 2918 318 3016 Gregorii
331 2921 398 2988 XV
413 2941 487 3012 quae
501 2917 637 3012 incipit,
651 2911 883 2986 Inscrutabr'b'
896 2915 966 2983 Dei
970 2913 1208 3008 providentia.

160 3038 319 3126 Quorum
339 3034 541 3102 auctoritate
558 3032 624 3102 nisi
640 3030 828 3127 specialiter
848 3030 1000 3099 nitantur
1015 3029 1146 3102 decreta
1160 3059 1213 3128 sy-

163 3150 317 3236 nodalia,
337 3151 454 3243 utique
474 3148 653 3218 arctabunt
678 3145 735 3217 illa
756 3160 889 3216 tantum
914 3148 1115 3216 monasteria
1137 3175 1213 3243 quae

162 3269 244 3363 ipsis
259 3266 438 3338 ordinariis
451 3281 531 3336 sunt
545 3265 706 3361 subjecta.
725 3268 766 3334 In
785 3261 858 3332 aliis
875 3275 985 3332 autem
1002 3268 1213 3336 monasteriis

162 3385 310 3480 episcopi
330 3385 414 3454 seire
425 3382 551 3453 debent
565 3407 604 3468 se
619 3408 637 3452 a
653 3380 797 3452 concilio
810 3378 1011 3450 Tridentino
1028 3380 1124 3449 datos
1143 3406 1213 3450 esse

162 3517 358 3571 executores
372 3525 490 3570 eorum
505 3524 579 3593 quae
590 3499 624 3569 in
640 3496 783 3566 decretis
799 3494 895 3563 dictae
909 3515 988 3562 sess.
1009 3491 1067 3581 25,
1084 3493 1127 3564 de
1147 3501 1213 3566 Rc·

158 3615 344 3715 galeribus
359 3617 587 3686 continentur.
605 3618 645 3683 In
666 3613 789 3708 quibus
806 3607 1012 3704 provinciale
1033 3610 1213 3682 concilium

163 3732 403 3828 negligentiam
421 3733 659 3827 episcoporum
677 3726 834 3824 supplere
850 3738 882 3795 et
898 3727 1056 3794 coercere
1078 3725 1215 3802 debet...

212 3851 320 3918 Porro
341 3849 409 3943 ipsa
430 3846 547 3942 synodi
569 3847 701 3917 decreta
722 3855 860 3939 puroet
882 3838 1105 3911 ecclesiastico
1131 3845 1216 3940 stylo

163 3962 374 4046 scribantur,
389 3975 428 4030 ut
445 3958 661 4030 christianam
681 3958 839 4052 pictatem
864 3979 933 4022 non
952 3951 1070 4022 rudem
1091 3957 1220 4053 simpli·

167 4077 323 4162 citatem,
347 4077 460 4169 potius
478 4100 579 4170 quam
594 4073 793 4167 exquisitam
815 4069 1016 4139 latinitatem
1032 4069 1219 4145 redoleant.

163 4195 299 4291 Usitata
323 4193 428 4288 igitur
447 4217 466 4262 a
484 4191 606 4262 sanctis
624 4188 780 4260 Patribus
797 4201 830 4256 et
846 4184 984 4255 summis
1003 4187 1221 4278 pontificibus

1010 4313 1059 4366 35.
