2836 5024
228 495 429 543 pensemus
448 495 660 544 conrosnur
679 495 721 544 nn
737 495 907 563 concine,
923 497 997 546 mc
1080 473 1146 548 133
1175 531 1177 538 .

109 625 182 692 «Ut
204 621 253 691 bis
272 623 304 691 in
323 648 414 692 atino
439 622 587 718 synodus
608 623 705 694 fiat...
733 623 822 694 inter
844 625 936 720 ipsos
973 613 1156 722 episcopos,

108 741 302 809 «convenit.
336 741 379 810 Et
408 737 456 808 illi
482 719 631 835 episcopi
656 739 781 810 ibidem
808 743 1032 831 conveniant,
1062 767 1147 838 quos

106 884 119 918 a
136 852 233 924 modo
251 857 321 924 vice
338 852 955 950 metropolitanorumconstituimus:
975 873 1008 926 et
1023 855 1072 926 illi
1090 857 1147 927 alii

105 998 118 1032 a
135 970 298 1064 episcopi,
313 967 363 1037 vel
383 967 539 1057 abbates,
554 993 611 1038 sen
628 969 834 1064 presbyteri,
848 995 933 1064 quos
946 973 1008 1067 ipsi
1024 989 1147 1042 metro·

105 1113 118 1146 «
135 1083 273 1178 politani
291 1084 381 1182 apud
402 1109 437 1154 se
460 1086 574 1154 venire
585 1085 770 1179 jusserint,
791 1087 917 1157 ibidem
942 1087 976 1156 in
1001 1087 1072 1182 ipsa
1096 1113 1148 1158 se·

106 1230 118 1264 i
134 1203 241 1272 cunda
250 1203 381 1300 synodo
390 1205 572 1273 convenire
582 1203 969 1300 faciant.»(Sirmond,t.
979 1209 1066 1302 lI,p.
1077 1205 1150 1302 28.)

142 1319 220 1391 L’an
247 1345 332 1418 779,
352 1319 437 1391 dans
460 1348 506 1391 un
533 1321 666 1392 concile
684 1335 765 1392 tenu
784 1346 861 1391 sous
880 1321 1148 1420 Cbarlemagne‚

102 1462 138 1505 on
151 1436 285 1532 redigea
296 1436 353 1506 des
368 1435 580 1532 capitulaires
597 1435 682 1507 dont
694 1436 725 1507 le
738 1439 817 1507 titre
835 1453 884 1508 est
897 1439 983 1508 ainsi
997 1464 1004 1507 :
1020 1443 1148 1509 «Anno

101 1582 114 1616 ι(
134 1551 274 1624 feliciter
300 1557 351 1624 XI
375 1555 469 1648 regni
495 1553 622 1622 domini
647 1553 754 1622 nostri
780 1551 895 1624 Caroli
918 1553 1148 1650 gloriosissimi

101 1698 114 1731 α
132 1671 215 1766 regis
232 1670 269 1738 in
286 1695 402 1740 mense
414 1669 538 1738 martio
553 1668 738 1765 capitulare
750 1669 894 1757 factum,
908 1669 1053 1764 qualiter
1068 1695 1149 1741 con·

100 1813 113 1848 a
132 1787 280 1882 gregatis
302 1787 336 1854 in
357 1809 464 1854 unum
482 1785 633 1880 synodali
654 1784 798 1856 concilio
816 1787 999 1881 episcopis,
1018 1785 1148 1856 abbati-

101 1929 114 1963 «
130 1901 210 1989 bus,
229 1901 378 1995 virisque
395 1897 582 1970 illustribus
597 1901 798 1987 comitibus,
817 1925 978 1970 unacum
998 1901 1146 1996 piissimo

99 2047 112 2080 «
129 2016 266 2086 domino
287 2031 405 2085 nostro
430 2015 615 2086 secundum
635 2017 701 2086 Dei
718 2014 932 2086 voluntatem
952 2041 1014 2111 pro
1035 2017 1146 2086 causis

99 2132 329 2228 «opportunis
351 2144 608 2201 consenserunt.
630 2159 648 2195 »
667 2129 852 2220 (sirmond,
871 2145 897 2202 t.
917 2133 970 2218 II,
991 2155 1022 2225 p.
1045 2132 1122 2226 84.)

139 2251 232 2318 Dans
263 2247 295 2316 le
319 2246 447 2316 concile
474 2245 515 2315 de
536 2247 632 2315 Paris
657 2243 699 2315 de
725 2243 818 2334 846,
849 2271 927 2314 sous
954 2246 1093 2317 Charles
1115 2247 1147 2318 le

99 2363 249 2451 Cltauve,
269 2362 536 2434 non-seulement
556 2385 642 2432 nous
661 2386 789 2457 voyons
809 2361 856 2431 les
877 2377 967 2432 actes
988 2365 1148 2434 souscrits

27 2533 29 2545 .
98 2505 150 2573 par
166 2496 291 2575 quatre
310 2476 426 2566 abbe's,
449 2493 483 2547 et
507 2501 587 2547 avec
609 2474 642 2547 la
661 2474 807 2546 formule
833 2475 943 2576 relegi
962 2493 1147 2576 ratumque

9 2606 10 2653 t
98 2593 220 2683 habus';
243 2595 330 2664 mais
355 2619 441 2664 nous
469 2609 633 2663 trouvons
656 2617 694 2661 ce
716 2616 856 2688 passage
876 2594 935 2686 qui
961 2609 1042 2687 peut
1059 2595 1148 2689 jeten

98 2710 136 2780 dn
151 2713 232 2807 jour
254 2737 315 2781 sur
336 2709 366 2779 le
386 2735 471 2808 rang
492 2735 558 2805 que
575 2711 727 2779 tenaient
750 2705 825 2801 ddja
847 2705 894 2777 les
913 2707 1016 2777 abbes
1035 2707 1093 2778 des
1117 2709 1148 2779 le

8 2915 9 2922 ἵ
98 2838 143 2894 111⁶
155 2827 279 2897 siecle:
304 2855 320 2890 a
343 2826 570 2895 Obsecramus
600 2825 701 2895 etiam
732 2824 852 2894 fratres
873 2839 907 2892 et
931 2826 1148 2919 coepiscopos

97 2958 300 3013 «nostros...
320 2942 378 3012 sed
398 2957 432 3010 et
453 2938 625 3038 religiosos
646 2939 783 3010 abbates
806 2940 864 3034 qui
882 2938 925 3009 ad
943 2939 1030 3009 lianc
1051 2965 1148 3010 sanc-

98 3087 111 3120 «
128 3073 193 3128 tam
209 3074 245 3129 et
264 3060 398 3129 beatam
415 3058 581 3153 synodum
601 3081 671 3127 non
695 3071 933 3143 occurrerunt,
952 3058 1147 3152 inquorum

100 3197 250 3246 «manus
279 3175 380 3268 hujus
408 3172 576 3268 privilegii
598 3197 617 3240 a
642 3172 740 3241 nobis
769 3171 850 3240 editi
880 3186 913 3241 et
937 3172 1148 3245 corroborati

99 3319 113 3352 a
132 3293 253 3387 pagina
266 3289 469 3384 pervenerit,
486 3313 545 3358 sua
565 3269 769 3357 auctoritate
781 3301 814 3357 et
826 3288 1072 3382 subscriptione
1084 3287 1169 3359 boc'

99 3435 112 3470 a
144 3407 349 3478 confirmare
368 3431 436 3474 non
456 3401 632 3474 differant.
649 3431 666 3468 n
682 3402 874 3499 (sirmond,
886 3419 911 3474 t.
926 3407 993 3490 III,
1012 3429 1047 3499 p.
1069 3405 1149 3499 62.)

140 3527 186 3594 Le
208 3521 339 3594 concile
361 3518 512 3591 national
533 3519 575 3589 de
592 3503 740 3590 Pontion
758 3519 908 3614 (diocdse
928 3518 970 3588 de
986 3518 1150 3589 Chalous-

100 3637 324 3730 sur-Marus),
346 3635 387 3705 de
407 3635 474 3706 l'an
496 3635 587 3732 876,
605 3650 654 3704 est
674 3633 907 3729 parcillement
925 3635 1069 3702 souscrit
1089 3645 1151 3729 par'

101 3757 173 3851 cinq
202 3753 326 3841 abbds,
354 3750 439 3821 dont
464 3750 512 3820 les
538 3751 730 3845 signatures
762 3749 912 3844 figurent
937 3747 1043 3818 seules
1069 3775 1150 3819 avec

7 3927 8 3932 ,
100 3869 193 3941 celles
203 3869 261 3940 des
276 3867 366 3938 deux
382 3865 488 3962 ldgats
504 3867 549 3936 du
566 3889 651 3961 pape
665 3881 697 3935 et
710 3865 766 3935 des
788 3867 941 3960 dveques.
963 3868 1010 3936 Le
1024 3866 1151 3936 concile

7 4270 11 4349 i

102 3985 138 4055 de
155 3987 260 4056 l’itres
277 3985 370 4079 (pres
389 3979 526 4076 Rouen)
539 4035 548 4069 ,
563 3981 629 4050 l’au
650 3981 741 4069 862,
762 3994 812 4050 est
829 3984 973 4052 souscrit
988 4007 1050 4077 par
1066 3983 1152 4052 seize

102 4099 238 4197 dvdques
251 4115 285 4169 et
294 4100 374 4193 cinq
382 4098 497 4168 abbes.
509 4096 723 4194 (Delulande,
736 4094 990 4192 Suppletnenta,
1005 4123 1036 4191 p.
1059 4100 1152 4192 171.)

148 4217 193 4290 Le
222 4211 349 4287 concile
372 4213 417 4284 du
436 4227 532 4286 mont
558 4213 830 4303 sainte-Maris,
846 4212 887 4282 de
906 4211 970 4282 l'an
988 4209 1077 4312 973,
1096 4228 1147 4282 cst
