2910 5038
281 444 349 517 568
619 441 817 522 cruQuriura
843 460 984 508 anunm.

280 604 396 694 Agnus
419 596 482 666 Dei
502 594 560 688 qui
580 590 670 662 toliis
693 605 826 686 peccata
850 589 990 678 mundi,
1008 588 1127 658 exaudi
1148 592 1306 678 1105,Βο-

327 714 429 784 mine.
540 789 544 796 ¹

280 837 396 928 Agnus
409 828 473 900 Dei
489 827 548 923 qui
566 823 656 896 toliis
674 839 809 920 peccata
826 823 959 910 mundi,
973 822 1131 893 miserere
1145 822 1249 893 nobis.

280 945 425 1031 Christe,
441 941 520 1012 audi
535 967 607 1012 nos.
626 940 772 1027 Christe,
793 938 914 1009 exaudi
938 964 1011 1008 nos.
1184 1028 1188 1036 Β

282 1060 397 1152 Kyrie,
413 1057 550 1129 eleison.
569 1057 718 1142 Christe,
731 1054 868 1125 eleison.
884 1055 1002 1150 Kyrie,
1016 1052 1155 1124 eleison.

329 1179 362 1244 E
365 1191 378 1244 t
383 1189 578 1272 postquam
591 1171 722 1242 dictum
727 1169 858 1265 suerit,
876 1173 924 1241 Ut
939 1169 1098 1240 omnibus
1111 1167 1259 1240 fidelibus
1270 1167 1314 1237 de

282 1289 422 1380 functis,
438 1305 504 1360 etc.
525 1289 575 1386 lt.
592 1291 640 1358 Te
652 1312 824 1383 rogamus,
840 1285 918 1358 audi
938 1310 1011 1374 uos,
1021 1285 1192 1382 pontifex
1203 1284 1311 1381 surgit,
1412 1313 1413 1340 i

282 1423 317 1478 et
331 1404 495 1478 baculum
505 1402 727 1497 pastoralem
742 1403 779 1474 t'n
799 1403 946 1474 sinistra
971 1416 1105 1486 tenens,
1127 1417 1230 1474 stans
1246 1423 1314 1471 oer-

281 1548 342 1594 sus
371 1521 423 1594 ad
434 1519 623 1618 synodum,
645 1518 759 1590 dicit:
777 1522 826 1591 Ut
844 1518 931 1588 hanc
948 1532 1149 1614 praesentem
1165 1515 1315 1613 synodum
1413 1513 1414 1537 ¹

282 1640 430 1727 visitare,
457 1638 654 1733 disponere,
682 1652 716 1706 et
739 1635 870 1732 bene†
891 1634 1003 1706 dicere
1029 1635 1192 1732 digneris.
1218 1636 1256 1730 Pi
1279 1637 1317 1703 Te
1414 1727 1415 1738 ἵ

180 1829 188 1848 .
283 1779 451 1851 rogamus,
469 1752 547 1822 audi
565 1777 638 1822 nos.

331 1866 535 1940 Prodneens
550 1869 691 1966 signum
710 1868 824 1938 erneis
836 1868 1238 1964 pnrr'tersnperomnes.
1257 1873 1319 1957 (tuo
1415 1909 1416 1920 κ

274 1968 391 2080 facto,
409 1988 536 2055 iterum
554 1983 744 2072 accumbit,
765 1982 965 2056 cantoribus
982 1983 1130 2054 litanias
1144 1983 1319 2082 perficien-

283 2097 388 2171 ntus.
405 2098 541 2195 Quibus
552 2098 667 2186 dictis,
680 2083 981 2200 snrgunt'omnen
999 2098 1222 2197 etpontifen,
1234 2098 1322 2194 depo

283 2218 355 2288 sita
376 2214 600 2301 numm-dicit
617 2230 720 2286 stans
739 2241 866 2286 versus
886 2215 938 2286 nd
951 2216 1089 2286 altare:
1115 2221 1271 2288 Oremus.
1283 2219 1322 2284 Et

284 2334 459 2404 ministri:
473 2331 670 2426 Flectamus
681 2358 802 2428 genua.
821 2334 871 2428 Iti.
891 2334 1031 2404 Levate.

333 2453 407 2540 Da,
432 2473 637 2544 quesumus,
659 2447 813 2520 Ecclesia
838 2463 919 2539 tua,
950 2450 1139 2522 misericors
1164 2455 1273 2540 Deus,
1293 2461 1324 2516 ut

284 2567 412 2662 Spiritu
440 2581 556 2636 sancto
581 2580 806 2662 congregata,
830 2591 945 2637 secura
971 2567 1034 2638 tibi
1061 2566 1245 2638 devotione
1268 2589 1323 2636 ser·

285 2685 357 2752 vire
385 2697 570 2769 mereatum
603 2685 668 2752 Per
696 2683 919 2753 Dominum...
947 2684 982 2752 in
1010 2685 1142 2754 unitate
1171 2683 1321 2781 ejusdem.

286 2802 337 2896 ff·
352 2800 471 2868 Amen.

245 2905 248 2912 ¹
337 2913 475 2985 Deinde
487 2911 666 3011 pontifex,
676 2931 829 3012 acceptu·
843 2919 962 3002 mitra,
983 2913 1147 2986 ascendit
1160 2912 1326 2986 adsedem

289 3030 360 3102 sibi
370 3015 544 3128 purorum
559 3031 596 3099 in
603 3029 718 3125 plano
727 3030 868 3120 altaris,
881 3032 933 3100 ita
953 3047 992 3102 ut
1003 3033 1041 3102 in
1059 3057 1102 3100 ea
1113 3029 1243 3102 sedens
1258 3030 1325 3101 dor·

287 3171 366 3218 sum
379 3165 485 3216 sunni
505 3162 628 3216 vertat
643 3146 697 3216 nd
715 3146 839 3217 nlture.
858 3152 906 3218 Et
924 3149 1074 3244 imponit
1096 3150 1278 3220 incensum
1297 3147 1327 3215 in

289 3261 505 3334 thnribulum
521 3287 617 3333 more
634 3262 747 3334 solito.
763 3267 945 3334 Dznconus
961 3263 1159 3335 (dalmatica
1183 3263 1326 3347 indutus,

283 3377 566 3478 prevenientibus
584 3377 812 3475 thuriferario
838 3397 873 3451 et
890 3379 1025 3450 dunbm
1043 3380 1280 3478 cerufhruriis,
1301 3391 1328 3444 et

288 3495 504 3567 subdiacono
517 3494 683 3566 tunicella
701 3494 834 3584 indntu,
850 3499 1075 3593 paramentis
1090 3495 1222 3589 rubeis,
1241 3496 1328 3566 bene·

289 3611 441 3692 dictione
465 3627 614 3707 {receptu
643 3637 667 3681 u
686 3613 877 3708 pontifice,
903 3629 1029 3684 cantat
1046 3615 1083 3683 in
1109 3613 1187 3685 loco
1216 3635 1329 3684 ronre-

292 3732 424 3802 nienti:
863 3719 865 3726 ¹
967 3715 970 3721 ¹

337 3847 521 3940 Sequentia
540 3846 646 3915 sancti
661 3844 871 3941 Evangelii†
887 3845 1073 3918 secundum
1086 3850 1215 3918 Lucam
1229 3846 1273 3942 (c.
1285 3840 1328 3940 9.)

341 3968 383 4034 In
406 3961 465 4032 illo
488 3976 641 4056 tempore
662 3964 893 4032 :Convocatis
923 3967 1018 4033 Jesus
1052 3963 1232 4034 duodecim
1254 3984 1325 4054 apo·

292 4079 404 4168 stolis,
426 4069 516 4148 dedit
545 4075 611 4146 iilis
639 4078 799 4148 virtutem
822 4093 855 4148 et
879 4095 1080 4174 potestatem
1104 4075 1328 4175 superomnia

230 4223 233 4230 ¹
291 4195 472 4283 daemouia,
493 4208 527 4286 et
546 4206 582 4260 ut
602 4191 780 4288 languores
799 4208 968 4264 curarent.
991 4197 1032 4265 Et
1052 4195 1142 4266 misit
1161 4192 1236 4264 iilos
1252 4208 1326 4286 p'rae·
