2910 5038
311 458 384 562 570
612 555 615 562 .
654 463 856 546 omousius!
879 481 1017 532 eterne.

311 615 389 686 dent
405 611 603 702 emendere3
619 627 655 682 et
680 613 708 682 si
731 611 788 684 cui
814 611 905 684 forte
924 611 1016 708 quod
1038 610 1181 702 dicetur,
1201 626 1256 683 aut
1270 637 1333 710 ege·

314 749 389 821 tur,
407 728 598 826 displicent,
623 730 697 802 sine
713 726 829 824 eliquo
845 726 1009 825 scrupulo
1033 729 1269 819 contentionis,
1289 753 1331 824 pa·

313 849 381 920 lem
399 871 513 919 eorem
530 847 690 920 omnibus
713 845 867 918 conserat
881 873 890 918 z
904 860 1092 942 quatenus,
1120 847 1262 920 Domino
1278 871 1333 918 me·

311 965 428 1036 diante
436 1017 447 1056 ,
459 979 495 1036 et
509 964 575 1035 hoc
588 963 630 1034 ed
645 963 813 1059 optimum
827 979 953 1034 statum
964 964 1140 1060 pervoniat
1154 989 1163 1035 ε
1179 964 1226 1034 ite
1241 979 1276 1036 ut
1287 987 1334 1034 nes

311 1081 510 1154 discordans
530 1081 706 1153 contentio
731 1079 774 1150 ed
801 1081 1055 1151 subversionem
1081 1080 1218 1176 justitie
1243 1080 1335 1152 locun

310 1196 476 1286 inveniet,
498 1221 609 1293 neque
636 1197 760 1267 iterum
785 1195 821 1266 in
848 1195 1076 1292 perquirenda
1101 1197 1240 1268 veritate
1258 1197 1336 1292 vigor

310 1312 420 1382 nostri
437 1312 583 1404 ordinis,
600 1310 653 1384 vel
666 1311 873 1404 sollicitudo,
891 1327 1051 1408 tepescet.

363 1427 712 1502 Postallocutionem
727 1427 940 1528 liuJiesmodi‚
958 1428 1021 1502 vel
1027 1431 1147 1527 prius,
1159 1443 1266 1526 prout
1282 1451 1337 1500 no·

308 1548 367 1646 gis
383 1545 563 1644 placuerit
575 1547 751 1644 pontifici,
764 1547 820 1639 fit
831 1571 900 1644 per
916 1545 1072 1644 aliquem
1083 1548 1204 1618 virum
1220 1544 1337 1616 docum

311 1661 479 1736 idoneum
506 1687 641 1752 sereno,
669 1664 708 1734 in
728 1688 798 1760 quo
823 1677 997 1738 tractatur
1017 1659 1062 1736 de
1084 1660 1274 1758 disctplina
1296 1685 1338 1730 eo·

311 1779 519 1852 clesiastica
531 1833 542 1867 ‚
568 1777 612 1854 de
638 1777 765 1854 divinis
788 1783 986 1876 mysteriis,
1014 1796 1051 1852 et
1077 1778 1121 1854 de
1149 1777 1338 1852 correctione

311 1919 447 1968 morum
466 1897 505 1970 in
525 1895 617 1970 olem
641 1894 834 1970 secundum
850 1923 894 1970 ea
911 1922 993 1994 quoe
1004 1898 1112 1994 ponti
1138 1898 1175 1968 ci
1191 1892 1339 1968 videbun·

311 2029 391 2099 tnr,·
403 2027 528 2111 etpost
539 2037 749 2105 sermonem,
766 2012 921 2111 querelae
934 2014 969 2084 si
979 2036 1062 2110 quae
1074 2015 1149 2086 sint
1161 2009 1339 2086 audiuntur.

309 2126 447 2200 Deimle
473 2125 749 2204 archidiaconus
762 2155 809 2202 en
819 2144 983 2230 suggesto
999 2128 1075 2200 alta
1093 2153 1184 2204 uoce
1203 2128 1283 2228 legit
1296 2122 1340 2196 de

308 2257 404 2316 creto
420 2244 672 2318 sacriconcilii
688 2244 885 2320 Tridentini
896 2245 939 2316 de
954 2243 1164 2338 residentia,
1182 2261 1218 2316 et
1228 2244 1341 2342 depro

308 2360 464 2451 sessione
469 2360 582 2454 fidei,
603 2387 712 2461 quam
728 2379 809 2434 tunc
827 2363 987 2438 emittent
997 2387 1119 2436 omnes
1140 2365 1207 2460 qui
1220 2360 1340 2434 adeam

308 2493 486 2564 tenentur,
503 2479 540 2548 in
556 2477 720 2548 manibus
730 2479 929 2576 pontficis,
942 2478 1052 2579 jutta
1072 2477 1240 2576 sormam
1262 2473 1339 2574 infra

303 2595 466 2691 positam
476 2620 490 2681 ‚·
505 2595 589 2665 item
607 2592 650 2664 de
671 2593 841 2694 eligendis
856 2593 1181 2693 enaminatoribusJ,
1205 2595 1266 2696 qui
1284 2609 1339 2663 sta·¹

220 2744 225 2756 ·
308 2711 372 2780 tim
386 2714 614 2782 nominantur
632 2725 669 2781 et
689 2707 933 2810 approbantur
949 2707 1121 2808 etjurnnt
1140 2713 1181 2782 in
1198 2707 1340 2782 mam'dus

300 2829 511 2925 pontificis;
541 2825 680 2898 demum
699 2825 742 2897 de
761 2827 932 2928 eligendis
948 2827 1133 2926 judicibus
1158 2847 1338 2910 causamn,

311 2945 376 3041 qui
385 2941 552 3014 similiter
556 2958 823 3039 proponuntur,
847 2959 886 3014 ut
900 2967 1021 3040 supra.

362 3065 547 3130 Postremo
574 3058 784 3130 charitative
804 3075 992 3130 monentur
1016 3084 1139 3132 omnes
1172 3057 1267 3159 quod
1288 3053 1337 3126 du·

306 3190 407 3246 rante
427 3173 562 3268 synodo
585 3175 730 3246 honeste
754 3201 793 3247 se
813 3173 971 3247 lrabeant
990 3177 1028 3245 in
1042 3176 1221 3268 omnibus,
1240 3193 1273 3248 et
1291 3198 1338 3246 et·

306 3306 384 3375 tra;
405 3291 457 3360 ita
474 3287 571 3387 quod
584 3314 701 3361 eorum
721 3293 939 3366 conuersatio
960 3295 1098 3364 coeteris
1115 3293 1167 3364 sit
1180 3295 1298 3366 merito
1311 3292 1339 3361 in

306 3405 519 3505 exemplum.
545 3411 623 3498 (luo
638 3405 754 3502 facto,
771 3410 885 3508 surgit
895 3407 1079 3506 pontifex,
1101 3426 1138 3480 et
1155 3408 1340 3482 solemniter

302 3523 467 3595 omnibus
493 3523 668 3596 benedicit
691 3524 845 3596 dicens:
870 3527 921 3595 Sit
940 3551 1064 3596 nomen
1087 3527 1231 3597 Domini
1255 3525 1339 3595 bene·

302 3643 451 3734 dictum,
483 3657 567 3733 ete,
593 3666 691 3716 more
718 3657 913 3731 consueto,·
940 3667 1012 3741 qua
1038 3641 1146 3732 data,
1174 3638 1338 3714 discedent

301 3784 434 3831 omnes.

349 3874 510 3946 Formule
526 3875 712 3970 juramenti
731 3899 739 3944 ε
759 3877 832 3970 Ego
851 3877 898 3948 N.
915 3874 1012 3946 firmo
1029 3873 1132 3946 fide...
1153 3875 1168 3970 (
1195 3874 1221 3971 ).

350 3989 512 4064 Secunda
541 3987 619 4082 die,
659 3989 940 4063 convenientibus
966 3992 1093 4062 iterum
1121 3989 1281 4062 omnibus
1308 3981 1336 4052 in
1416 4069 1417 4080 ἵ

297 4177 368 4316 lvd)
388 4172 459 4228 C’est
474 4175 498 4230 le
520 4177 609 4233 meme
628 4196 682 4252 que
700 4197 771 4234 nous
789 4196 873 4236 orons
888 4181 1019 4254 rapport&
1032 4198 1067 4235 eu
1086 4181 1209 4256 chapitre
1222 4195 1262 4234 ιιι
1275 4175 1304 4230 de
1316 4170 1334 4223 lt

338 4267 349 4293 ⁸
362 4263 458 4332 partie.
