2844 5028
268 441 491 508 ortnarrous
510 459 559 516 un
576 457 730 516 concina
748 457 869 524 arou,
887 457 964 505 nro.
1073 433 1145 534 475

96 618 113 654 a
134 590 222 685 pite,
241 613 352 684 neque
368 589 440 663 sine
459 588 548 662 iltius
568 588 746 662 voluntate
767 587 953 682 quidquam
972 611 1071 684 agere
1093 589 1147 665 in-

96 704 289 782 «solitum.
313 735 331 772 n

142 821 182 892 2⁰
204 825 252 894 Le
272 821 419 916 premier
437 820 584 916 capitula
609 820 652 890 de
668 819 700 896 la
717 821 878 914 question
901 819 950 913 3⁰,
967 845 1067 895 cause
1086 819 1146 919 9⁸¹:

26 959 29 963 ·
94 936 363 1034 «persingulas
383 939 575 1033 provincias
597 950 734 1032 oportet
752 936 927 1031 episcopos
944 959 1148 1032 cognoscere

94 1085 112 1120 a
132 1053 436 1150 metropolitanum
451 1077 572 1142 suum,
589 1068 623 1122 et
637 1053 748 1147 ipsum
765 1052 930 1148 primatus
944 1077 1062 1126 curam
1079 1079 1150 1124 sus-

94 1201 112 1237 «
131 1173 271 1266 cipere:
294 1167 380 1239 nihil
399 1185 513 1240 autem
532 1194 633 1266 agera
655 1166 1006 1272 reliquosepiscopos
1026 1183 1150 1265 prater

94 1317 112 1352 a
133 1312 235 1376 eum,
260 1285 447 1361 secundum
473 1285 565 1381 quod
597 1285 789 1378 antiquitus
808 1308 830 1353 a
850 1283 1004 1378 patribus
1025 1288 1150 1357 nostris

93 1434 112 1468 a
135 1403 361 1474 coustitutum
385 1401 581 1473 continetur
601 1400 636 1470 in
657 1423 789 1473 canone
810 1396 857 1493 (le
878 1422 988 1471 canon
1010 1395 1066 1468 33²
1091 1398 1150 1472 des

96 1549 114 1586 o
133 1520 270 1615 apotres
307 1518 382 1613 deji
422 1515 521 1610 cite).
557 1519 701 1614 Propter
740 1514 832 1609 quod
868 1512 1150 1609 metropolitanus

96 1663 115 1708 u
135 1636 318 1732 episcopus
337 1631 423 1707 nihil
443 1633 681 1730 praesumptive
699 1645 849 1706 assumat
865 1630 992 1726 absque
1008 1630 1150 1704 consilio

20 1843 21 1846 Ἴ
95 1783 113 1817 «
134 1768 387 1824 caetetorum.»
839 1815 841 1820 ,

145 1865 185 1938 3⁰
205 1871 252 1938 Le
266 1863 390 1936 second
405 1862 551 1959 capitale
570 1863 613 1934 de
627 1860 658 1934 la
673 1864 782 1937 meme
798 1864 978 1957 question:
998 1866 1065 1933 Per
1084 1863 1151 1934 sin·

92 2014 111 2049 a
131 1981 231 2078 gulas
254 1982 445 2078 provincias
465 1981 643 2076 episcopos
658 1978 810 2074 singulos
824 1980 910 2050 scire
928 1994 1066 2076 oportet
1082 1981 1152 2074 epi-

95 2129 114 2166 «
133 2123 275 2194 scopum
296 2095 599 2192 metropolitanum
618 2097 678 2190 qui
697 2112 816 2190 praeast
830 2119 948 2169 curant
969 2112 1003 2166 et
1022 2093 1152 2189 sollici·-
1209 2100 1220 2138 ·’

94 2215 290 2286 «tudinem
318 2215 422 2313 totius
450 2214 637 2312 provincius
662 2214 845 2308 suscepisse
849 2265 909 2284 .....
930 2213 1156 2307 Quapropter
1203 2211 1204 2220 ’

95 2329 265 2426 «placuit
280 2355 358 2415 eum
377 2345 411 2400 et
431 2331 564 2402 honore
577 2327 790 2425 praecellere,
814 2345 849 2400 et
868 2329 954 2400 nihil
974 2327 1064 2400 ultra
1080 2330 1152 2400 sine

94 2479 115 2528 u
131 2451 208 2543 ipso
235 2446 383 2542 reliquos
410 2446 586 2541 episcopos
612 2470 731 2540 agere,
762 2445 949 2526 secundum
971 2447 1151 2540 antiquum

94 2596 112 2632 α
135 2579 275 2659 petrum
303 2578 499 2636 nostrorum
525 2586 709 2650 canonem,
734 2563 797 2632 nisi
821 2561 885 2632 hoc
907 2575 1039 2632 tantum
1058 2563 1152 2656 quod

93 2711 112 2746 u
135 2680 322 2772 unicuique
341 2677 488 2750 ecclesia:
509 2703 568 2773 per
585 2699 681 2748 suam
696 2677 866 2750 dioecesim
883 2678 1078 2772 competit...
1092 2677 1153 2748 ttt·
1184 2773 1186 2778 Ι

94 2825 112 2862 a
136 2811 191 2866 tra
212 2809 324 2864 autom
347 2791 433 2862 nihii
449 2818 548 2889 agere
568 2793 778 2888 permittitur
795 2794 881 2865 citra
897 2791 1151 2888 metropolitani

92 2935 111 2984 u
134 2911 285 3006 episcopi
306 2909 571 2980 conscientiam:
592 2934 654 2980 neo
671 2908 955 3006 metropolitanus
973 2911 1044 2985 sine
1060 2925 1153 2983 caete·

91 3059 110 3095 a
134 3053 254 3099 rorum
274 3026 403 3122 aliquid
421 3041 515 3123 gerat
534 3025 677 3096 consilio
694 3027 923 3108 sacerdotum.
946 3056 964 3092 u

141 3144 184 3231 4⁰
205 3148 254 3214 Le
267 3144 460 3239 cinquieme
474 3141 621 3238 capituie
639 3142 681 3214 de
698 3158 786 3217 cette
800 3145 908 3214 meme
926 3145 1087 3237 question
1103 3144 1151 3230 3',

90 3285 193 3332 cause
206 3268 241 3356 9⁶
260 3286 267 3329 :
288 3289 304 3325 a
322 3260 603 3355 Archiepiscopus
621 3257 707 3332 nihii
722 3259 765 3331 de
779 3261 1018 3356 episcoporum
1032 3263 1153 3350 causis,

94 3407 113 3446 α
135 3392 197 3450 aut
214 3376 257 3446 de
274 3374 349 3448 eliis
366 3377 623 3463 communibus,
642 3375 740 3471 juxta
762 3391 888 3449 statuta
910 3377 1152 3471 apostolorum,

91 3525 112 3564 u
135 3496 262 3589 absque
277 3508 481 3580 cunctorum
495 3492 631 3565 iliorum
646 3511 726 3590 agat
744 3493 908 3581 consilio:
922 3518 986 3565 nec
1000 3491 1068 3584 iili,
1087 3495 1151 3564 nisi

93 3645 111 3682 a
135 3625 305 3708 quantum
325 3609 369 3680 ed
387 3633 465 3682 suas
490 3611 665 3705 parochias
686 3610 852 3705 pertinet.
870 3609 943 3678 sine
966 3632 1028 3680 suo
1045 3635 1053 3680 :
1073 3635 1155 3704 quo-

94 3759 114 3796 «
137 3730 230 3798 niam
259 3726 318 3797 tali
346 3727 469 3822 gaudet
491 3727 674 3798 concordia
692 3724 903 3814 Altissimus,
929 3741 964 3796 et
982 3725 1152 3822 gloriatur

94 3871 114 3916 a
138 3847 174 3916 in
191 3843 352 3922 membris
370 3843 453 3914 suis.
474 3871 492 3910 n
787 3923 790 3927 ¹

147 3958 186 4032 5⁰
208 3963 259 4031 Le
280 3959 405 4033 second
426 3957 574 4055 capitule
595 3959 639 4030 de
664 3958 695 4029 la
715 3961 871 4054 question
891 3955 949 4046 4⁶,
967 3977 1067 4030 cause
1088 3957 1151 4032 6⁰:

95 4109 115 4146 u
132 4079 171 4150 Si
184 4079 259 4172 quis
272 4077 450 4172 episcopus
465 4077 500 4146 in
513 4075 682 4171 aliquibus
698 4077 950 4149 causationibus
961 4075 1151 4171 judicatur,
1210 4173 1216 4180 κ

102 4225 120 4262 a
142 4207 177 4266 et
193 4192 315 4266 uiderit
332 4195 419 4289 ipsos
437 4194 614 4290 epistmpos
634 4195 693 4288 qui
712 4194 747 4266 in
769 4195 946 4290 provincia
965 4207 1046 4262 sunt
1066 4193 1157 4268 inter
