<?xml version="1.0" encoding="UTF-8"?>
<!DOCTYPE html PUBLIC "-//W3C//DTD XHTML 1.0 Transitional//EN"
    "http://www.w3.org/TR/xhtml1/DTD/xhtml1-transitional.dtd">
<html xmlns="http://www.w3.org/1999/xhtml" xml:lang="en" lang="en">
 <head>
  <title>
</title>
<meta http-equiv="Content-Type" content="text/html;charset=utf-8" />
  <meta name='ocr-system' content='tesseract 3.04.00' />
  <meta name='ocr-capabilities' content='ocr_page ocr_carea ocr_par ocr_line ocrx_word'/>
</head>
<body>
  <div class='ocr_page' id='page_1' title='image "./duconcileprovin00bouigoog/duconcileprovin00bouigoog_0106.png"; bbox 0 0 2836 5024; ppageno 0'>
   <div class='ocr_carea' id='block_1_1' title="bbox 173 413 957 500">
    <p class='ocr_par' dir='ltr' id='par_1_1' title="bbox 173 413 957 500">
     <span class='ocr_line' id='line_1_1' title="bbox 173 413 957 500; baseline -0.003 -2"><span class='ocrx_word' id='word_1_1' title='bbox 173 461 179 476; x_wconf 90' lang='lat'><strong>·</strong></span> <span class='ocrx_word' id='word_1_2' title='bbox 259 423 305 500; x_wconf 83' lang='lat'><strong>88</strong></span> <span class='ocrx_word' id='word_1_3' title='bbox 608 426 790 497; x_wconf 71' lang='lat' dir='ltr'><strong>usuarius</strong></span> <span class='ocrx_word' id='word_1_4' title='bbox 815 413 957 496; x_wconf 78' lang='lat' dir='ltr'><strong>ranrra.</strong></span> 
     </span>
    </p>
   </div>
   <div class='ocr_carea' id='block_1_2' title="bbox 254 574 1406 2417">
    <p class='ocr_par' dir='ltr' id='par_1_2' title="bbox 254 574 1303 2072">
     <span class='ocr_line' id='line_1_2' title="bbox 257 574 1297 676; baseline -0.004 -26"><span class='ocrx_word' id='word_1_5' title='bbox 257 578 341 650; x_wconf 87' lang='lat' dir='ltr'><strong>avril</strong></span> <span class='ocrx_word' id='word_1_6' title='bbox 363 577 452 676; x_wconf 80' lang='lat'><strong>1787</strong></span> <span class='ocrx_word' id='word_1_7' title='bbox 470 604 478 648; x_wconf 91' lang='lat'><strong>:</strong></span> <span class='ocrx_word' id='word_1_8' title='bbox 498 581 709 671; x_wconf 80' lang='lat' dir='ltr'>«Hucusque</span> <span class='ocrx_word' id='word_1_9' title='bbox 727 575 931 671; x_wconf 75' lang='lat' dir='ltr'><strong>proticibus</strong></span> <span class='ocrx_word' id='word_1_10' title='bbox 951 600 970 644; x_wconf 90' lang='lat' dir='ltr'><strong>a</strong></span> <span class='ocrx_word' id='word_1_11' title='bbox 1000 599 1053 645; x_wconf 92' lang='lat' dir='ltr'><strong>me</strong></span> <span class='ocrx_word' id='word_1_12' title='bbox 1082 574 1297 661; x_wconf 73' lang='lat' dir='ltr'><strong>satisfactum,</strong></span> 
     </span>
     <span class='ocr_line' id='line_1_3' title="bbox 256 690 1299 791; baseline 0 -29"><span class='ocrx_word' id='word_1_13' title='bbox 256 725 274 762; x_wconf 80' lang='lat' dir='ltr'><strong>a</strong></span> <span class='ocrx_word' id='word_1_14' title='bbox 290 695 443 791; x_wconf 87' lang='lat' dir='ltr'>nihilque</span> <span class='ocrx_word' id='word_1_15' title='bbox 476 694 704 764; x_wconf 88' lang='lat' dir='ltr'><strong>intermissum</strong></span> <span class='ocrx_word' id='word_1_16' title='bbox 729 691 795 761; x_wconf 89' lang='lat' dir='ltr'><strong>luit</strong></span> <span class='ocrx_word' id='word_1_17' title='bbox 820 690 911 786; x_wconf 91' lang='lat' dir='ltr'><strong>quod</strong></span> <span class='ocrx_word' id='word_1_18' title='bbox 937 705 1067 760; x_wconf 85' lang='lat' dir='ltr'><strong>rectum</strong></span> <span class='ocrx_word' id='word_1_19' title='bbox 1082 691 1299 783; x_wconf 34' lang='lat' dir='ltr'><strong>,ecclesiarum</strong></span> 
     </span>
     <span class='ocr_line' id='line_1_4' title="bbox 258 804 1301 904; baseline -0.001 -25"><span class='ocrx_word' id='word_1_20' title='bbox 258 842 275 879; x_wconf 78' lang='lat' dir='ltr'><strong>a</strong></span> <span class='ocrx_word' id='word_1_21' title='bbox 292 810 376 882; x_wconf 91' lang='lat' dir='ltr'><strong>mihi</strong></span> <span class='ocrx_word' id='word_1_22' title='bbox 390 811 647 880; x_wconf 89' lang='lat' dir='ltr'><strong>commissarum</strong></span> <span class='ocrx_word' id='word_1_23' title='bbox 661 808 811 904; x_wconf 87' lang='lat' dir='ltr'><strong>regimen</strong></span> <span class='ocrx_word' id='word_1_24' title='bbox 824 805 1024 901; x_wconf 84' lang='lat' dir='ltr'>exposcebat</span> <span class='ocrx_word' id='word_1_25' title='bbox 1038 833 1045 877; x_wconf 93' lang='lat'><strong>:</strong></span> <span class='ocrx_word' id='word_1_26' title='bbox 1062 822 1218 902; x_wconf 89' lang='lat' dir='ltr'><strong>urgentes</strong></span> <span class='ocrx_word' id='word_1_27' title='bbox 1234 804 1301 878; x_wconf 88' lang='lat' dir='ltr'><strong>illas</strong></span> 
     </span>
     <span class='ocr_line' id='line_1_5' title="bbox 257 922 1301 1017; baseline -0.002 -25"><span class='ocrx_word' id='word_1_28' title='bbox 257 955 275 992; x_wconf 79' lang='lat' dir='ltr'><strong>a</strong></span> <span class='ocrx_word' id='word_1_29' title='bbox 292 952 409 998; x_wconf 88' lang='lat' dir='ltr'><strong>causas</strong></span> <span class='ocrx_word' id='word_1_30' title='bbox 431 927 622 996; x_wconf 88' lang='lat' dir='ltr'><strong>subintrare</strong></span> <span class='ocrx_word' id='word_1_31' title='bbox 641 949 716 995; x_wconf 91' lang='lat' dir='ltr'><strong>nou</strong></span> <span class='ocrx_word' id='word_1_32' title='bbox 730 922 829 993; x_wconf 86' lang='lat' dir='ltr'><strong>video</strong></span> <span class='ocrx_word' id='word_1_33' title='bbox 850 922 974 1017; x_wconf 88' lang='lat' dir='ltr'><strong>quibus</strong></span> <span class='ocrx_word' id='word_1_34' title='bbox 1002 922 1171 994; x_wconf 82' lang='lat' dir='ltr'><strong>sanctitati</strong></span> <span class='ocrx_word' id='word_1_35' title='bbox 1192 938 1301 993; x_wconf 80' lang='lat' dir='ltr'><strong>vestre</strong></span> 
     </span>
     <span class='ocr_line' id='line_1_6' title="bbox 259 1041 1301 1140; baseline 0 -32"><span class='ocrx_word' id='word_1_36' title='bbox 259 1072 277 1108; x_wconf 79' lang='lat' dir='ltr'><strong>a</strong></span> <span class='ocrx_word' id='word_1_37' title='bbox 296 1045 329 1115; x_wconf 88' lang='lat' dir='ltr'><strong>vi</strong></span> <span class='ocrx_word' id='word_1_38' title='bbox 349 1043 515 1140; x_wconf 75' lang='lat' dir='ltr'><strong>primatus</strong></span> <span class='ocrx_word' id='word_1_39' title='bbox 538 1069 557 1114; x_wconf 94' lang='lat' dir='ltr'><strong>a</strong></span> <span class='ocrx_word' id='word_1_40' title='bbox 574 1043 649 1112; x_wconf 88' lang='lat' dir='ltr'><strong>Deo</strong></span> <span class='ocrx_word' id='word_1_41' title='bbox 672 1041 818 1111; x_wconf 90' lang='lat' dir='ltr'><strong>instituti</strong></span> <span class='ocrx_word' id='word_1_42' title='bbox 831 1041 887 1134; x_wconf 92' lang='lat' dir='ltr'><strong>jus</strong></span> <span class='ocrx_word' id='word_1_43' title='bbox 902 1041 1073 1136; x_wconf 85' lang='lat' dir='ltr'><strong>competit,</strong></span> <span class='ocrx_word' id='word_1_44' title='bbox 1086 1066 1149 1136; x_wconf 86' lang='lat' dir='ltr'><strong>pro</strong></span> <span class='ocrx_word' id='word_1_45' title='bbox 1174 1065 1301 1112; x_wconf 87' lang='lat' dir='ltr'><strong>conser-</strong></span> 
     </span>
     <span class='ocr_line' id='line_1_7' title="bbox 256 1156 1302 1254; baseline 0.004 -30"><span class='ocrx_word' id='word_1_46' title='bbox 256 1189 273 1224; x_wconf 75' lang='grc' dir='ltr'>α</span> <span class='ocrx_word' id='word_1_47' title='bbox 291 1159 400 1230; x_wconf 87' lang='lat' dir='ltr'><strong>vanda</strong></span> <span class='ocrx_word' id='word_1_48' title='bbox 424 1157 597 1254; x_wconf 83' lang='lat' dir='ltr'><strong>religionis</strong></span> <span class='ocrx_word' id='word_1_49' title='bbox 626 1158 823 1228; x_wconf 48' lang='lat' dir='ltr'><strong>unitateuac</strong></span> <span class='ocrx_word' id='word_1_50' title='bbox 843 1158 1002 1252; x_wconf 90' lang='lat' dir='ltr'><strong>puritate,</strong></span> <span class='ocrx_word' id='word_1_51' title='bbox 1026 1156 1302 1230; x_wconf 81' lang='lat' dir='ltr'><strong>extraordinarios</strong></span> 
     </span>
     <span class='ocr_line' id='line_1_8' title="bbox 255 1270 1302 1371; baseline 0.001 -32"><span class='ocrx_word' id='word_1_52' title='bbox 255 1304 272 1340; x_wconf 77' lang='lat' dir='ltr'><strong>a</strong></span> <span class='ocrx_word' id='word_1_53' title='bbox 291 1274 446 1346; x_wconf 88' lang='lat' dir='ltr'><strong>mittendi</strong></span> <span class='ocrx_word' id='word_1_54' title='bbox 466 1273 593 1371; x_wconf 89' lang='lat' dir='ltr'><strong>legatos</strong></span> <span class='ocrx_word' id='word_1_55' title='bbox 612 1272 655 1346; x_wconf 90' lang='lat' dir='ltr'><strong>ad</strong></span> <span class='ocrx_word' id='word_1_56' title='bbox 673 1270 843 1359; x_wconf 86' lang='lat' dir='ltr'><strong>ecclesias,</strong></span> <span class='ocrx_word' id='word_1_57' title='bbox 862 1273 919 1342; x_wconf 91' lang='lat' dir='ltr'><strong>ubi</strong></span> <span class='ocrx_word' id='word_1_58' title='bbox 942 1271 1113 1368; x_wconf 75' lang='lat' dir='ltr'><strong>religionis</strong></span> <span class='ocrx_word' id='word_1_59' title='bbox 1132 1273 1302 1346; x_wconf 81' lang='lat' dir='ltr'><strong>necessitas</strong></span> 
     </span>
     <span class='ocr_line' id='line_1_9' title="bbox 257 1388 1302 1488; baseline 0.003 -32"><span class='ocrx_word' id='word_1_60' title='bbox 257 1418 275 1456; x_wconf 76' lang='lat' dir='ltr'><strong>a</strong></span> <span class='ocrx_word' id='word_1_61' title='bbox 290 1389 330 1466; x_wconf 90' lang='lat' dir='ltr'><strong>id</strong></span> <span class='ocrx_word' id='word_1_62' title='bbox 346 1388 576 1488; x_wconf 86' lang='lat' dir='ltr'><strong>postulaverit.</strong></span> <span class='ocrx_word' id='word_1_63' title='bbox 592 1390 628 1460; x_wconf 91' lang='lat' dir='ltr'><strong>Si</strong></span> <span class='ocrx_word' id='word_1_64' title='bbox 646 1390 722 1477; x_wconf 86' lang='lat' dir='ltr'><strong>lroc,</strong></span> <span class='ocrx_word' id='word_1_65' title='bbox 738 1404 777 1460; x_wconf 89' lang='lat' dir='ltr'><strong>ut</strong></span> <span class='ocrx_word' id='word_1_66' title='bbox 793 1389 929 1460; x_wconf 87' lang='lat' dir='ltr'><strong>conlido</strong></span> <span class='ocrx_word' id='word_1_67' title='bbox 937 1443 949 1476; x_wconf 89' lang='lat'><strong>,</strong></span> <span class='ocrx_word' id='word_1_68' title='bbox 967 1416 1034 1461; x_wconf 91' lang='lat' dir='ltr'><strong>non</strong></span> <span class='ocrx_word' id='word_1_69' title='bbox 1049 1390 1181 1479; x_wconf 82' lang='lat' dir='ltr'><strong>existit,</strong></span> <span class='ocrx_word' id='word_1_70' title='bbox 1201 1389 1302 1460; x_wconf 89' lang='lat' dir='ltr'><strong>multo</strong></span> 
     </span>
     <span class='ocr_line' id='line_1_10' title="bbox 255 1505 1302 1603; baseline 0.002 -30"><span class='ocrx_word' id='word_1_71' title='bbox 255 1506 407 1577; x_wconf 83' lang='lat' dir='ltr'><strong>«minus</strong></span> <span class='ocrx_word' id='word_1_72' title='bbox 431 1533 486 1578; x_wconf 91' lang='lat' dir='ltr'><strong>me</strong></span> <span class='ocrx_word' id='word_1_73' title='bbox 507 1505 694 1602; x_wconf 88' lang='lat' dir='ltr'><strong>obligatum</strong></span> <span class='ocrx_word' id='word_1_74' title='bbox 715 1531 855 1593; x_wconf 85' lang='lat' dir='ltr'><strong>censeo,</strong></span> <span class='ocrx_word' id='word_1_75' title='bbox 883 1521 921 1576; x_wconf 87' lang='lat' dir='ltr'><strong>nt</strong></span> <span class='ocrx_word' id='word_1_76' title='bbox 945 1508 1069 1578; x_wconf 88' lang='lat' dir='ltr'><strong>nuncio</strong></span> <span class='ocrx_word' id='word_1_77' title='bbox 1088 1507 1302 1603; x_wconf 87' lang='lat' dir='ltr'><strong>juridictione</strong></span> 
     </span>
     <span class='ocr_line' id='line_1_11' title="bbox 256 1622 1302 1722; baseline 0.004 -34"><span class='ocrx_word' id='word_1_78' title='bbox 256 1653 273 1688; x_wconf 80' lang='lat' dir='ltr'><strong>a</strong></span> <span class='ocrx_word' id='word_1_79' title='bbox 291 1639 326 1696; x_wconf 92' lang='lat' dir='ltr'><strong>et</strong></span> <span class='ocrx_word' id='word_1_80' title='bbox 336 1622 754 1722; x_wconf 79' lang='lat' dir='ltr'><strong>lacrrltatibusinstructo,</strong></span> <span class='ocrx_word' id='word_1_81' title='bbox 771 1622 805 1692; x_wconf 92' lang='lat' dir='ltr'><strong>in</strong></span> <span class='ocrx_word' id='word_1_82' title='bbox 817 1649 917 1719; x_wconf 82' lang='lat' dir='ltr'><strong>grave</strong></span> <span class='ocrx_word' id='word_1_83' title='bbox 931 1625 1104 1719; x_wconf 85' lang='lat' dir='ltr'><strong>potestatis</strong></span> <span class='ocrx_word' id='word_1_84' title='bbox 1118 1651 1203 1696; x_wconf 84' lang='lat' dir='ltr'><strong>meae</strong></span> <span class='ocrx_word' id='word_1_85' title='bbox 1217 1624 1302 1695; x_wconf 86' lang='lat' dir='ltr'><strong>ordi·</strong></span> 
     </span>
     <span class='ocr_line' id='line_1_12' title="bbox 254 1737 1303 1835; baseline 0.003 -30"><span class='ocrx_word' id='word_1_86' title='bbox 254 1770 270 1805; x_wconf 75' lang='lat' dir='ltr'><strong>a</strong></span> <span class='ocrx_word' id='word_1_87' title='bbox 292 1741 394 1810; x_wconf 76' lang='lat' dir='ltr'><strong>uariae</strong></span> <span class='ocrx_word' id='word_1_88' title='bbox 414 1739 668 1835; x_wconf 84' lang='lat' dir='ltr'><strong>praejudicium,</strong></span> <span class='ocrx_word' id='word_1_89' title='bbox 687 1737 801 1808; x_wconf 91' lang='lat' dir='ltr'><strong>lucum</strong></span> <span class='ocrx_word' id='word_1_90' title='bbox 824 1739 942 1810; x_wconf 89' lang='lat' dir='ltr'><strong>cedam</strong></span> <span class='ocrx_word' id='word_1_91' title='bbox 967 1765 1072 1835; x_wconf 82' lang='lat' dir='ltr'><strong>quem</strong></span> <span class='ocrx_word' id='word_1_92' title='bbox 1091 1741 1249 1812; x_wconf 88' lang='lat' dir='ltr'><strong>Christus</strong></span> <span class='ocrx_word' id='word_1_93' title='bbox 1269 1753 1303 1808; x_wconf 93' lang='lat' dir='ltr'><strong>ut</strong></span> 
     </span>
     <span class='ocr_line' id='line_1_13' title="bbox 256 1854 1303 1954; baseline 0.01 -34"><span class='ocrx_word' id='word_1_94' title='bbox 256 1885 273 1920; x_wconf 77' lang='lat' dir='ltr'><strong>a</strong></span> <span class='ocrx_word' id='word_1_95' title='bbox 294 1857 340 1926; x_wconf 88' lang='lat' dir='ltr'><strong>ibi</strong></span> <span class='ocrx_word' id='word_1_96' title='bbox 358 1855 498 1951; x_wconf 87' lang='lat' dir='ltr'><strong>vigilem</strong></span> <span class='ocrx_word' id='word_1_97' title='bbox 515 1869 550 1926; x_wconf 90' lang='lat' dir='ltr'><strong>ct</strong></span> <span class='ocrx_word' id='word_1_98' title='bbox 569 1855 616 1925; x_wconf 92' lang='lat' dir='ltr'><strong>ibi</strong></span> <span class='ocrx_word' id='word_1_99' title='bbox 636 1854 785 1926; x_wconf 87' lang='lat' dir='ltr'><strong>lahorem</strong></span> <span class='ocrx_word' id='word_1_100' title='bbox 805 1857 888 1926; x_wconf 88' lang='lat' dir='ltr'><strong>mibi</strong></span> <span class='ocrx_word' id='word_1_101' title='bbox 910 1857 1091 1928; x_wconf 91' lang='lat' dir='ltr'><strong>commisit.</strong></span> <span class='ocrx_word' id='word_1_102' title='bbox 1112 1887 1129 1922; x_wconf 77' lang='lat' dir='ltr'><strong>a</strong></span> <span class='ocrx_word' id='word_1_103' title='bbox 1153 1859 1254 1954; x_wconf 82' lang='lat' dir='ltr'><strong>(Bcel</strong></span> <span class='ocrx_word' id='word_1_104' title='bbox 1264 1856 1303 1930; x_wconf 81' lang='lat' dir='ltr'><strong>de</strong></span> 
     </span>
     <span class='ocr_line' id='line_1_14' title="bbox 259 1971 1141 2072; baseline 0.001 -29"><span class='ocrx_word' id='word_1_105' title='bbox 259 1974 504 2060; x_wconf 81' lang='lat' dir='ltr'><strong>Nuntiaturt&#39;s,</strong></span> <span class='ocrx_word' id='word_1_106' title='bbox 524 1997 554 2042; x_wconf 85' lang='lat' dir='ltr'><strong>c.</strong></span> <span class='ocrx_word' id='word_1_107' title='bbox 571 1972 614 2063; x_wconf 82' lang='lat'><strong>8,</strong></span> <span class='ocrx_word' id='word_1_108' title='bbox 631 1997 664 2068; x_wconf 88' lang='lat' dir='ltr'><strong>p.</strong></span> <span class='ocrx_word' id='word_1_109' title='bbox 693 1971 779 2071; x_wconf 76' lang='lat'><strong>1735</strong></span> <span class='ocrx_word' id='word_1_110' title='bbox 804 1973 856 2043; x_wconf 91' lang='lat' dir='ltr'><strong>ed.</strong></span> <span class='ocrx_word' id='word_1_111' title='bbox 874 1975 996 2062; x_wconf 80' lang='lat' dir='ltr'><strong>Rom,</strong></span> <span class='ocrx_word' id='word_1_112' title='bbox 1025 1973 1141 2072; x_wconf 82' lang='lat'>1790.)</span> 
     </span>
    </p>

    <p class='ocr_par' dir='ltr' id='par_1_3' title="bbox 257 2087 1406 2417">
     <span class='ocr_line' id='line_1_15' title="bbox 305 2087 1406 2186; baseline 0.002 -26"><span class='ocrx_word' id='word_1_113' title='bbox 305 2091 354 2160; x_wconf 87' lang='lat' dir='ltr'><strong>Le</strong></span> <span class='ocrx_word' id='word_1_114' title='bbox 370 2089 479 2158; x_wconf 76' lang='lat' dir='ltr'><strong>mdme</strong></span> <span class='ocrx_word' id='word_1_115' title='bbox 498 2089 708 2184; x_wconf 74' lang='lat' dir='ltr'><strong>archevdque</strong></span> <span class='ocrx_word' id='word_1_116' title='bbox 730 2089 772 2160; x_wconf 87' lang='lat' dir='ltr'><strong>de</strong></span> <span class='ocrx_word' id='word_1_117' title='bbox 788 2087 957 2186; x_wconf 88' lang='lat' dir='ltr'><strong>Colugne‚</strong></span> <span class='ocrx_word' id='word_1_118' title='bbox 978 2093 1036 2186; x_wconf 87' lang='lat' dir='ltr'><strong>qui</strong></span> <span class='ocrx_word' id='word_1_119' title='bbox 1054 2090 1136 2164; x_wconf 72' lang='lat' dir='ltr'><strong>tuit</strong></span> <span class='ocrx_word' id='word_1_120' title='bbox 1153 2092 1305 2164; x_wconf 88' lang='lat' dir='ltr'><strong>Maximi·</strong></span> <span class='ocrx_word' id='word_1_121' title='bbox 1405 2181 1406 2184; x_wconf 8' lang='grc' dir='ltr'><strong>Ἴ</strong></span> 
     </span>
     <span class='ocr_line' id='line_1_16' title="bbox 257 2203 1303 2304; baseline 0.002 -30"><span class='ocrx_word' id='word_1_122' title='bbox 257 2203 324 2276; x_wconf 83' lang='lat' dir='ltr'><strong>lien</strong></span> <span class='ocrx_word' id='word_1_123' title='bbox 345 2203 553 2292; x_wconf 86' lang='lat' dir='ltr'><strong>d’Autriche,</strong></span> <span class='ocrx_word' id='word_1_124' title='bbox 580 2205 667 2276; x_wconf 76' lang='lat' dir='ltr'><strong>frere</strong></span> <span class='ocrx_word' id='word_1_125' title='bbox 691 2204 733 2275; x_wconf 90' lang='lat' dir='ltr'><strong>dc</strong></span> <span class='ocrx_word' id='word_1_126' title='bbox 759 2204 958 2302; x_wconf 89' lang='lat' dir='ltr'><strong>l&#39;ompereur</strong></span> <span class='ocrx_word' id='word_1_127' title='bbox 975 2207 1101 2302; x_wconf 87' lang='lat' dir='ltr'><strong>Juseph</strong></span> <span class='ocrx_word' id='word_1_128' title='bbox 1123 2211 1178 2299; x_wconf 91' lang='lat' dir='ltr'><strong>ll,</strong></span> <span class='ocrx_word' id='word_1_129' title='bbox 1197 2209 1303 2304; x_wconf 82' lang='lat' dir='ltr'><strong>expri-</strong></span> 
     </span>
     <span class='ocr_line' id='line_1_17' title="bbox 257 2320 1305 2417; baseline 0.003 -26"><span class='ocrx_word' id='word_1_130' title='bbox 257 2324 340 2392; x_wconf 89' lang='lat' dir='ltr'><strong>mait</strong></span> <span class='ocrx_word' id='word_1_131' title='bbox 353 2321 437 2391; x_wconf 91' lang='lat' dir='ltr'><strong>ainsi</strong></span> <span class='ocrx_word' id='word_1_132' title='bbox 452 2320 528 2417; x_wconf 92' lang='lat' dir='ltr'><strong>plus</strong></span> <span class='ocrx_word' id='word_1_133' title='bbox 541 2321 732 2391; x_wconf 91' lang='lat' dir='ltr'><strong>hardiment</strong></span> <span class='ocrx_word' id='word_1_134' title='bbox 748 2337 835 2392; x_wconf 89' lang='lat' dir='ltr'><strong>cette</strong></span> <span class='ocrx_word' id='word_1_135' title='bbox 853 2322 1008 2396; x_wconf 82' lang='lat' dir='ltr'><strong>doctrine</strong></span> <span class='ocrx_word' id='word_1_136' title='bbox 1028 2322 1110 2394; x_wconf 92' lang='lat' dir='ltr'><strong>daus</strong></span> <span class='ocrx_word' id='word_1_137' title='bbox 1131 2349 1179 2394; x_wconf 90' lang='lat' dir='ltr'><strong>nu</strong></span> <span class='ocrx_word' id='word_1_138' title='bbox 1197 2326 1242 2396; x_wconf 88' lang='lat' dir='ltr'><strong>de</strong></span> <span class='ocrx_word' id='word_1_139' title='bbox 1258 2350 1305 2394; x_wconf 87' lang='lat' dir='ltr'><strong>ses</strong></span> 
     </span>
    </p>
   </div>
   <div class='ocr_carea' id='block_1_3' title="bbox 257 2436 1406 2520">
    <p class='ocr_par' dir='ltr' id='par_1_4' title="bbox 257 2436 1406 2520">
     <span class='ocr_line' id='line_1_18' title="bbox 257 2436 1406 2520; baseline 0.003 -12"><span class='ocrx_word' id='word_1_140' title='bbox 257 2439 414 2508; x_wconf 63' lang='lat' dir='ltr'><strong>duritem</strong></span> <span class='ocrx_word' id='word_1_141' title='bbox 437 2436 525 2510; x_wconf 87' lang='lat' dir='ltr'><strong>C’est</strong></span> <span class='ocrx_word' id='word_1_142' title='bbox 550 2463 618 2508; x_wconf 90' lang='lat' dir='ltr'><strong>une</strong></span> <span class='ocrx_word' id='word_1_143' title='bbox 643 2436 748 2508; x_wconf 71' lang='lat' dir='ltr'><strong>verite</strong></span> <span class='ocrx_word' id='word_1_144' title='bbox 774 2438 1017 2511; x_wconf 86' lang='lat' dir='ltr'><strong>incontestable</strong></span> <span class='ocrx_word' id='word_1_145' title='bbox 1036 2455 1069 2510; x_wconf 83' lang='lat' dir='ltr'><strong>et</strong></span> <span class='ocrx_word' id='word_1_146' title='bbox 1092 2441 1305 2514; x_wconf 87' lang='lat' dir='ltr'><strong>uuiverselle-</strong></span> <span class='ocrx_word' id='word_1_147' title='bbox 1405 2469 1406 2520; x_wconf 73' lang='grc' dir='ltr'><em>ς</em></span> 
     </span>
    </p>
   </div>
   <div class='ocr_carea' id='block_1_4' title="bbox 246 2541 1406 4276">
    <p class='ocr_par' dir='ltr' id='par_1_5' title="bbox 255 2541 1406 3468">
     <span class='ocr_line' id='line_1_19' title="bbox 256 2541 1406 2656; baseline 0.01 -37"><span class='ocrx_word' id='word_1_148' title='bbox 256 2585 273 2622; x_wconf 77' lang='lat' dir='ltr'><strong>a</strong></span> <span class='ocrx_word' id='word_1_149' title='bbox 294 2570 387 2627; x_wconf 89' lang='lat' dir='ltr'><strong>ment</strong></span> <span class='ocrx_word' id='word_1_150' title='bbox 411 2579 510 2648; x_wconf 71' lang='lat' dir='ltr'><strong>regne</strong></span> <span class='ocrx_word' id='word_1_151' title='bbox 529 2580 571 2626; x_wconf 86' lang='lat' dir='ltr'><strong>en</strong></span> <span class='ocrx_word' id='word_1_152' title='bbox 593 2554 654 2624; x_wconf 86' lang='lat' dir='ltr'><strong>lait</strong></span> <span class='ocrx_word' id='word_1_153' title='bbox 676 2555 717 2626; x_wconf 89' lang='lat' dir='ltr'><strong>de</strong></span> <span class='ocrx_word' id='word_1_154' title='bbox 735 2554 845 2626; x_wconf 88' lang='lat' dir='ltr'><strong>droits</strong></span> <span class='ocrx_word' id='word_1_155' title='bbox 872 2552 1303 2656; x_wconf 69' lang='lat' dir='ltr'><strong>ecclesiastico-politiques,</strong></span> <span class='ocrx_word' id='word_1_156' title='bbox 1405 2541 1406 2568; x_wconf 48' lang='lat'>¹</span> 
     </span>
     <span class='ocr_line' id='line_1_20' title="bbox 255 2669 1406 2770; baseline 0.01 -35"><span class='ocrx_word' id='word_1_157' title='bbox 255 2695 358 2764; x_wconf 77' lang='lat' dir='ltr'><strong>oque</strong></span> <span class='ocrx_word' id='word_1_158' title='bbox 382 2669 412 2740; x_wconf 91' lang='lat' dir='ltr'><strong>le</strong></span> <span class='ocrx_word' id='word_1_159' title='bbox 431 2677 517 2765; x_wconf 85' lang='lat' dir='ltr'><strong>pepe</strong></span> <span class='ocrx_word' id='word_1_160' title='bbox 544 2696 586 2740; x_wconf 92' lang='lat' dir='ltr'><strong>ne</strong></span> <span class='ocrx_word' id='word_1_161' title='bbox 608 2684 690 2766; x_wconf 90' lang='lat' dir='ltr'><strong>peut</strong></span> <span class='ocrx_word' id='word_1_162' title='bbox 713 2695 771 2766; x_wconf 92' lang='lat' dir='ltr'><strong>pas</strong></span> <span class='ocrx_word' id='word_1_163' title='bbox 791 2696 937 2767; x_wconf 88' lang='lat' dir='ltr'><strong>envoyer</strong></span> <span class='ocrx_word' id='word_1_164' title='bbox 955 2671 1014 2742; x_wconf 85' lang='lat' dir='ltr'><strong>des</strong></span> <span class='ocrx_word' id='word_1_165' title='bbox 1036 2672 1142 2770; x_wconf 71' lang='lat' dir='ltr'><strong>legata</strong></span> <span class='ocrx_word' id='word_1_166' title='bbox 1162 2675 1247 2748; x_wconf 88' lang='lat' dir='ltr'><strong>dans</strong></span> <span class='ocrx_word' id='word_1_167' title='bbox 1264 2675 1306 2747; x_wconf 88' lang='lat' dir='ltr'><strong>les</strong></span> <span class='ocrx_word' id='word_1_168' title='bbox 1405 2703 1406 2708; x_wconf 47' lang='lat'>¹</span> 
     </span>
     <span class='ocr_line' id='line_1_21' title="bbox 256 2783 1307 2877; baseline 0.01 -26"><span class='ocrx_word' id='word_1_169' title='bbox 256 2783 512 2858; x_wconf 75' lang='lat' dir='ltr'><strong>«archeveche&#39;s</strong></span> <span class='ocrx_word' id='word_1_170' title='bbox 536 2801 570 2857; x_wconf 92' lang='lat' dir='ltr'><strong>ct</strong></span> <span class='ocrx_word' id='word_1_171' title='bbox 588 2786 745 2877; x_wconf 70' lang='lat' dir='ltr'><strong>eveche,</strong></span> <span class='ocrx_word' id='word_1_172' title='bbox 773 2789 801 2856; x_wconf 90' lang='lat' dir='ltr'><strong>si</strong></span> <span class='ocrx_word' id='word_1_173' title='bbox 824 2813 862 2858; x_wconf 91' lang='lat' dir='ltr'><strong>ce</strong></span> <span class='ocrx_word' id='word_1_174' title='bbox 885 2787 967 2858; x_wconf 88' lang='lat' dir='ltr'><strong>n&#39;est</strong></span> <span class='ocrx_word' id='word_1_175' title='bbox 983 2787 1067 2860; x_wconf 89' lang='lat' dir='ltr'><strong>daus</strong></span> <span class='ocrx_word' id='word_1_176' title='bbox 1090 2789 1148 2862; x_wconf 85' lang='lat' dir='ltr'><strong>des</strong></span> <span class='ocrx_word' id='word_1_177' title='bbox 1170 2817 1229 2864; x_wconf 88' lang='lat' dir='ltr'><strong>cas</strong></span> <span class='ocrx_word' id='word_1_178' title='bbox 1250 2817 1307 2862; x_wconf 87' lang='lat' dir='ltr'><strong>ur-</strong></span> 
     </span>
     <span class='ocr_line' id='line_1_22' title="bbox 256 2901 1306 3005; baseline 0.011 -39"><span class='ocrx_word' id='word_1_179' title='bbox 256 2931 274 2966; x_wconf 80' lang='grc' dir='ltr'><strong><em>α</em></strong></span> <span class='ocrx_word' id='word_1_180' title='bbox 292 2918 408 2997; x_wconf 89' lang='lat' dir='ltr'><strong>gents,</strong></span> <span class='ocrx_word' id='word_1_181' title='bbox 429 2901 650 2991; x_wconf 63' lang='lat' dir='ltr'><strong>&amp;esre-dire,</strong></span> <span class='ocrx_word' id='word_1_182' title='bbox 676 2929 764 2999; x_wconf 90' lang='lat' dir='ltr'><strong>pour</strong></span> <span class='ocrx_word' id='word_1_183' title='bbox 787 2929 967 2976; x_wconf 70' lang='lat' dir='ltr'><strong>conserver</strong></span> <span class='ocrx_word' id='word_1_184' title='bbox 991 2903 1108 2976; x_wconf 81' lang='lat' dir='ltr'><strong>l&#39;uuitri</strong></span> <span class='ocrx_word' id='word_1_185' title='bbox 1138 2908 1223 2980; x_wconf 86' lang='lat' dir='ltr'><strong>etla</strong></span> <span class='ocrx_word' id='word_1_186' title='bbox 1246 2934 1306 3005; x_wconf 89' lang='lat' dir='ltr'><strong>pu·</strong></span> 
     </span>
     <span class='ocr_line' id='line_1_23' title="bbox 257 3014 1308 3121; baseline 0.006 -33"><span class='ocrx_word' id='word_1_187' title='bbox 257 3014 434 3088; x_wconf 74' lang='lat' dir='ltr'><strong>arete-de</strong></span> <span class='ocrx_word' id='word_1_188' title='bbox 456 3016 488 3088; x_wconf 91' lang='lat' dir='ltr'><strong>la</strong></span> <span class='ocrx_word' id='word_1_189' title='bbox 516 3018 657 3116; x_wconf 82' lang='lat' dir='ltr'><strong>religion</strong></span> <span class='ocrx_word' id='word_1_190' title='bbox 684 3017 891 3121; x_wconf 74' lang='lat' dir='ltr'><strong>catlrolique.</strong></span> <span class='ocrx_word' id='word_1_191' title='bbox 909 3022 960 3090; x_wconf 87' lang='lat' dir='ltr'><strong>En</strong></span> <span class='ocrx_word' id='word_1_192' title='bbox 986 3022 1240 3117; x_wconf 72' lang='lat' dir='ltr'><strong>consequence,</strong></span> <span class='ocrx_word' id='word_1_193' title='bbox 1265 3023 1308 3094; x_wconf 89' lang='lat' dir='ltr'><strong>les</strong></span> 
     </span>
     <span class='ocr_line' id='line_1_24' title="bbox 258 3136 1309 3231; baseline 0.008 -31"><span class='ocrx_word' id='word_1_194' title='bbox 258 3163 277 3200; x_wconf 77' lang='lat' dir='ltr'><strong>a</strong></span> <span class='ocrx_word' id='word_1_195' title='bbox 295 3136 511 3206; x_wconf 73' lang='lat' dir='ltr'><strong>nunciaturus</strong></span> <span class='ocrx_word' id='word_1_196' title='bbox 526 3151 761 3231; x_wconf 81' lang='lat' dir='ltr'><strong>permanentes</strong></span> <span class='ocrx_word' id='word_1_197' title='bbox 775 3151 809 3208; x_wconf 87' lang='lat' dir='ltr'><strong>et</strong></span> <span class='ocrx_word' id='word_1_198' title='bbox 822 3137 953 3207; x_wconf 87' lang='lat' dir='ltr'><strong>munies</strong></span> <span class='ocrx_word' id='word_1_199' title='bbox 969 3136 1011 3206; x_wconf 89' lang='lat' dir='ltr'><strong>de</strong></span> <span class='ocrx_word' id='word_1_200' title='bbox 1019 3138 1219 3231; x_wconf 85' lang='lat' dir='ltr'><strong>juridiction</strong></span> <span class='ocrx_word' id='word_1_201' title='bbox 1236 3155 1309 3212; x_wconf 90' lang='lat' dir='ltr'><strong>sont</strong></span> 
     </span>
     <span class='ocr_line' id='line_1_25' title="bbox 257 3241 1306 3351; baseline 0.011 -35"><span class='ocrx_word' id='word_1_202' title='bbox 257 3281 275 3316; x_wconf 76' lang='lat' dir='ltr'><strong>a</strong></span> <span class='ocrx_word' id='word_1_203' title='bbox 294 3250 438 3324; x_wconf 87' lang='lat' dir='ltr'><strong>illicites.</strong></span> <span class='ocrx_word' id='word_1_204' title='bbox 457 3282 475 3318; x_wconf 77' lang='lat' dir='ltr'><strong>n</strong></span> <span class='ocrx_word' id='word_1_205' title='bbox 492 3251 573 3348; x_wconf 85' lang='lat' dir='ltr'><strong>(Pro</strong></span> <span class='ocrx_word' id='word_1_206' title='bbox 592 3253 755 3324; x_wconf 85' lang='lat' dir='ltr'><strong>memoria</strong></span> <span class='ocrx_word' id='word_1_207' title='bbox 777 3251 842 3324; x_wconf 90' lang='lat' dir='ltr'><strong>alla</strong></span> <span class='ocrx_word' id='word_1_208' title='bbox 865 3252 1055 3343; x_wconf 77' lang='lat' dir='ltr'><strong>dieta,.cite</strong></span> <span class='ocrx_word' id='word_1_209' title='bbox 1076 3281 1138 3351; x_wconf 86' lang='lat' dir='ltr'><strong>par</strong></span> <span class='ocrx_word' id='word_1_210' title='bbox 1157 3258 1217 3330; x_wconf 90' lang='lat' dir='ltr'><strong>Pie</strong></span> <span class='ocrx_word' id='word_1_211' title='bbox 1238 3241 1306 3346; x_wconf 87' lang='lat' dir='ltr'><strong>Vl,</strong></span> 
     </span>
     <span class='ocr_line' id='line_1_26' title="bbox 259 3365 974 3468; baseline 0 -28"><span class='ocrx_word' id='word_1_212' title='bbox 259 3368 339 3440; x_wconf 82' lang='lat' dir='ltr'><strong>bref</strong></span> <span class='ocrx_word' id='word_1_213' title='bbox 356 3365 400 3440; x_wconf 87' lang='lat' dir='ltr'><strong>dc</strong></span> <span class='ocrx_word' id='word_1_214' title='bbox 416 3370 660 3458; x_wconf 80' lang='lat' dir='ltr'><strong>Nuntiaturis,</strong></span> <span class='ocrx_word' id='word_1_215' title='bbox 678 3393 713 3464; x_wconf 89' lang='lat' dir='ltr'><strong>p.</strong></span> <span class='ocrx_word' id='word_1_216' title='bbox 738 3368 806 3464; x_wconf 82' lang='lat'><strong>173</strong></span> <span class='ocrx_word' id='word_1_217' title='bbox 823 3384 856 3440; x_wconf 90' lang='lat' dir='ltr'><strong>et</strong></span> <span class='ocrx_word' id='word_1_218' title='bbox 880 3369 974 3468; x_wconf 70' lang='lat'><strong>174.)</strong></span> 
     </span>
    </p>

    <p class='ocr_par' dir='ltr' id='par_1_6' title="bbox 246 3483 1406 4276">
     <span class='ocr_line' id='line_1_27' title="bbox 306 3483 1309 3583; baseline 0.006 -27"><span class='ocrx_word' id='word_1_219' title='bbox 306 3483 554 3580; x_wconf 73' lang='lat' dir='ltr'><strong>L&#39;archevdque</strong></span> <span class='ocrx_word' id='word_1_220' title='bbox 579 3486 622 3558; x_wconf 88' lang='lat' dir='ltr'><strong>de</strong></span> <span class='ocrx_word' id='word_1_221' title='bbox 646 3490 810 3583; x_wconf 87' lang='lat' dir='ltr'><strong>Mayenoe</strong></span> <span class='ocrx_word' id='word_1_222' title='bbox 835 3487 925 3558; x_wconf 89' lang='lat' dir='ltr'><strong>avait</strong></span> <span class='ocrx_word' id='word_1_223' title='bbox 946 3485 1060 3558; x_wconf 75' lang='lat' dir='ltr'><strong>donne</strong></span> <span class='ocrx_word' id='word_1_224' title='bbox 1074 3488 1141 3560; x_wconf 83' lang='lat' dir='ltr'><strong>-des</strong></span> <span class='ocrx_word' id='word_1_225' title='bbox 1164 3491 1309 3564; x_wconf 87' lang='lat' dir='ltr'><strong>instruc-</strong></span> 
     </span>
     <span class='ocr_line' id='line_1_28' title="bbox 261 3599 1406 3698; baseline 0.002 -26"><span class='ocrx_word' id='word_1_226' title='bbox 261 3603 348 3672; x_wconf 90' lang='lat' dir='ltr'><strong>tions</strong></span> <span class='ocrx_word' id='word_1_227' title='bbox 377 3599 574 3672; x_wconf 84' lang='lat' dir='ltr'><strong>semblables</strong></span> <span class='ocrx_word' id='word_1_228' title='bbox 607 3604 628 3674; x_wconf 78' lang='lat' dir='ltr'><strong>a</strong></span> <span class='ocrx_word' id='word_1_229' title='bbox 657 3627 708 3690; x_wconf 85' lang='lat' dir='ltr'><strong>ses</strong></span> <span class='ocrx_word' id='word_1_230' title='bbox 727 3603 868 3698; x_wconf 89' lang='lat' dir='ltr'><strong>de‘pute&#39;s</strong></span> <span class='ocrx_word' id='word_1_231' title='bbox 897 3603 916 3674; x_wconf 74' lang='lat' dir='ltr'><strong>a</strong></span> <span class='ocrx_word' id='word_1_232' title='bbox 942 3601 1146 3674; x_wconf 72' lang='lat' dir='ltr'><strong>l’assemblee</strong></span> <span class='ocrx_word' id='word_1_233' title='bbox 1174 3606 1308 3680; x_wconf 90' lang='lat' dir='ltr'><strong>d’Ems:</strong></span> <span class='ocrx_word' id='word_1_234' title='bbox 1405 3611 1406 3622; x_wconf 76' lang='grc'>’</span> 
     </span>
     <span class='ocr_line' id='line_1_29' title="bbox 259 3716 1406 3814; baseline 0.007 -30"><span class='ocrx_word' id='word_1_235' title='bbox 259 3719 463 3790; x_wconf 74' lang='lat' dir='ltr'><strong>«Sanctitas</strong></span> <span class='ocrx_word' id='word_1_236' title='bbox 483 3717 634 3814; x_wconf 86' lang='lat' dir='ltr'><strong>papalis,</strong></span> <span class='ocrx_word' id='word_1_237' title='bbox 657 3716 768 3805; x_wconf 91' lang='lat' dir='ltr'><strong>dit-il,</strong></span> <span class='ocrx_word' id='word_1_238' title='bbox 791 3743 859 3813; x_wconf 90' lang='lat' dir='ltr'><strong>qua</strong></span> <span class='ocrx_word' id='word_1_239' title='bbox 884 3719 1010 3814; x_wconf 89' lang='lat' dir='ltr'><strong>primas</strong></span> <span class='ocrx_word' id='word_1_240' title='bbox 1030 3719 1137 3790; x_wconf 88' lang='lat' dir='ltr'><strong>totius</strong></span> <span class='ocrx_word' id='word_1_241' title='bbox 1157 3722 1310 3796; x_wconf 78' lang='lat' dir='ltr'><strong>Ecclesia</strong></span> <span class='ocrx_word' id='word_1_242' title='bbox 1405 3793 1406 3802; x_wconf 10' lang='grc' dir='ltr'><em>ξ</em></span> 
     </span>
     <span class='ocr_line' id='line_1_30' title="bbox 258 3831 1406 3926; baseline 0.007 -27"><span class='ocrx_word' id='word_1_243' title='bbox 258 3864 275 3899; x_wconf 78' lang='lat' dir='ltr'><strong>a</strong></span> <span class='ocrx_word' id='word_1_244' title='bbox 293 3832 468 3905; x_wconf 72' lang='lat' dir='ltr'><strong>catholice</strong></span> <span class='ocrx_word' id='word_1_245' title='bbox 483 3832 581 3926; x_wconf 86' lang='lat' dir='ltr'><strong>juxta</strong></span> <span class='ocrx_word' id='word_1_246' title='bbox 606 3847 763 3904; x_wconf 85' lang='lat' dir='ltr'><strong>naturam</strong></span> <span class='ocrx_word' id='word_1_247' title='bbox 785 3831 889 3904; x_wconf 87' lang='lat' dir='ltr'><strong>officii</strong></span> <span class='ocrx_word' id='word_1_248' title='bbox 916 3834 968 3906; x_wconf 88' lang='lat' dir='ltr'><strong>sui</strong></span> <span class='ocrx_word' id='word_1_249' title='bbox 990 3847 1024 3902; x_wconf 86' lang='lat' dir='ltr'><strong>et</strong></span> <span class='ocrx_word' id='word_1_250' title='bbox 1040 3859 1081 3904; x_wconf 77' lang='lat' dir='ltr'><strong>ex</strong></span> <span class='ocrx_word' id='word_1_251' title='bbox 1099 3835 1311 3908; x_wconf 89' lang='lat' dir='ltr'><strong>ordinatione</strong></span> <span class='ocrx_word' id='word_1_252' title='bbox 1405 3875 1406 3884; x_wconf 30' lang='grc' dir='ltr'><strong>ι</strong></span> 
     </span>
     <span class='ocr_line' id='line_1_31' title="bbox 259 3949 1310 4051; baseline 0.008 -34"><span class='ocrx_word' id='word_1_253' title='bbox 259 3982 276 4017; x_wconf 77' lang='lat' dir='ltr'><strong>a</strong></span> <span class='ocrx_word' id='word_1_254' title='bbox 295 3950 409 4021; x_wconf 90' lang='lat' dir='ltr'><strong>divina</strong></span> <span class='ocrx_word' id='word_1_255' title='bbox 433 3963 515 4020; x_wconf 88' lang='lat' dir='ltr'><strong>tuuc</strong></span> <span class='ocrx_word' id='word_1_256' title='bbox 532 3949 642 4020; x_wconf 89' lang='lat' dir='ltr'><strong>solum</strong></span> <span class='ocrx_word' id='word_1_257' title='bbox 658 3949 912 4044; x_wconf 85' lang='lat' dir='ltr'><strong>juridictionem</strong></span> <span class='ocrx_word' id='word_1_258' title='bbox 932 3950 1036 4021; x_wconf 86' lang='lat' dir='ltr'><strong>habet</strong></span> <span class='ocrx_word' id='word_1_259' title='bbox 1060 3953 1198 4046; x_wconf 85' lang='lat' dir='ltr'><strong>quaudo</strong></span> <span class='ocrx_word' id='word_1_260' title='bbox 1221 3956 1310 4051; x_wconf 84' lang='lat' dir='ltr'><strong>epis-</strong></span> 
     </span>
     <span class='ocr_line' id='line_1_32' title="bbox 246 4065 1314 4163; baseline 0.008 -34"><span class='ocrx_word' id='word_1_261' title='bbox 246 4096 277 4130; x_wconf 74' lang='grc' dir='ltr'><strong>,α</strong></span> <span class='ocrx_word' id='word_1_262' title='bbox 296 4066 372 4160; x_wconf 92' lang='lat' dir='ltr'><strong>copi</strong></span> <span class='ocrx_word' id='word_1_263' title='bbox 407 4080 471 4140; x_wconf 86' lang='lat' dir='ltr'><strong>aut¹</strong></span> <span class='ocrx_word' id='word_1_264' title='bbox 493 4065 735 4162; x_wconf 87' lang='lat' dir='ltr'><strong>archiepiscopi</strong></span> <span class='ocrx_word' id='word_1_265' title='bbox 761 4089 829 4136; x_wconf 86' lang='lat' dir='ltr'><strong>suae</strong></span> <span class='ocrx_word' id='word_1_266' title='bbox 856 4065 1057 4163; x_wconf 87' lang='lat' dir='ltr'><strong>obligationi</strong></span> <span class='ocrx_word' id='word_1_267' title='bbox 1086 4066 1224 4156; x_wconf 88' lang='lat' dir='ltr'><strong>desunt,</strong></span> <span class='ocrx_word' id='word_1_268' title='bbox 1241 4084 1314 4142; x_wconf 82' lang='lat' dir='ltr'><strong>aut·</strong></span> 
     </span>
     <span class='ocr_line' id='line_1_33' title="bbox 260 4181 1308 4276; baseline 0.011 -30"><span class='ocrx_word' id='word_1_269' title='bbox 260 4211 277 4246; x_wconf 72' lang='lat' dir='ltr'><strong>a</strong></span> <span class='ocrx_word' id='word_1_270' title='bbox 296 4181 434 4276; x_wconf 86' lang='lat' dir='ltr'><strong>quaudo</strong></span> <span class='ocrx_word' id='word_1_271' title='bbox 451 4183 662 4264; x_wconf 81' lang='lat' dir='ltr'><strong>conservatio</strong></span> <span class='ocrx_word' id='word_1_272' title='bbox 680 4181 922 4256; x_wconf 85' lang='lat' dir='ltr'><strong>incolumitatis</strong></span> <span class='ocrx_word' id='word_1_273' title='bbox 943 4183 1023 4254; x_wconf 87' lang='lat' dir='ltr'><strong>fidei</strong></span> <span class='ocrx_word' id='word_1_274' title='bbox 1043 4199 1104 4258; x_wconf 89' lang='lat' dir='ltr'><strong>aut</strong></span> <span class='ocrx_word' id='word_1_275' title='bbox 1124 4185 1308 4261; x_wconf 74' lang='lat' dir='ltr'><strong>concordie</strong></span> 
     </span>
    </p>
   </div>
   <div class='ocr_carea' id='block_1_5' title="bbox 0 0 1426 5024">
    <p class='ocr_par' dir='ltr' id='par_1_7' title="bbox 0 0 1426 5024">
     <span class='ocr_line' id='line_1_34' title="bbox 0 0 1426 5024; baseline 0 0"><span class='ocrx_word' id='word_1_276' title='bbox 0 0 1426 5024; x_wconf 95' lang='lat' dir='ltr'><strong> </strong></span> 
     </span>
    </p>
   </div>
  </div>
 </body>
</html>
