2910 5038
432 547 435 556 .
512 480 754 556 mssuomu.
860 439 870 454 ⁶
1085 473 1156 578 595

115 643 208 724 sunt,
229 649 265 705 et
284 635 543 706 constitutiones
559 661 579 706 a
599 661 634 704 se
652 635 757 705 factas
775 631 924 703 scribent
937 627 970 702 in
989 647 1103 718 torno;
1119 650 1154 704 et

117 775 221 847 usque
234 751 277 824 ad
290 752 407 824 liuram
420 776 455 822 ιιι
469 751 503 822 in
514 750 659 822 concilio
671 749 802 823 sedent.
816 751 931 820 Tertia
947 749 1013 836 die,
1028 751 1156 820 denun-

117 870 199 936 tisut
212 866 341 963 populo
359 880 397 938 ut
416 868 562 938 crastina
576 866 631 936 dic
648 869 898 960 congregentur
916 888 1032 934 omues
1047 866 1080 936 in
1097 867 1157 936 ba·

75 1071 78 1076 ¹
118 983 240 1054 silicam
256 981 438 1054 Salvatoris
451 983 495 1054 ad
506 985 542 1054 S.
561 981 772 1071 Martialem,
791 996 826 1050 et
840 982 887 1050 ibi
902 982 1162 1052 constitutiones
1261 974 1265 979 ’

118 1120 190 1173 suas
214 1115 284 1173 tam
303 1099 346 1170 de
365 1125 446 1195 pane
466 1123 570 1194 quam
590 1100 632 1170 de
648 1099 724 1170 aliis
741 1100 850 1169 causis
868 1095 998 1195 populo
1022 1099 1165 1170 demon·

117 1231 238 1304 strant3
256 1214 331 1286 illos
343 1217 401 1309 qui
415 1214 555 1286 rebelles
568 1229 649 1286 sunt
664 1229 784 1286 contra
793 1229 971 1309 paceru„et
982 1215 1162 1307 justitiam,

117 1347 149 1403 et
169 1347 318 1402 sanctam
333 1330 516 1404 Ecclesiam
534 1330 612 1418 Dei,
632 1355 752 1402 omnes
775 1330 1069 1400 excommunicant
1092 1333 1164 1424 epi-

117 1447 218 1543 scopi.
241 1449 303 1520 His
317 1462 429 1516 autem
449 1447 508 1540 qui
531 1445 729 1516 obedientes
753 1461 834 1516 suut
855 1446 956 1516 sacris
977 1443 1164 1518 canonibus

116 1557 198 1634 dant
213 1562 495 1636 benedictionem.
516 1562 584 1632 sed
600 1571 780 1657 postquam
801 1560 926 1655 singuli
949 1561 1097 1658 episcopi
1111 1562 1164 1632 di·

118 1679 268 1750 centibus
277 1677 420 1773 singulis
434 1677 598 1763 diaconis,
611 1676 882 1748 Hunu'liurevos
891 1675 944 1746 tul
952 1675 1165 1750 beraedictio·

117 1819 214 1879 nem,
238 1793 488 1864 benedictiones
505 1791 708 1888 episcopales
727 1791 879 1886 singulas
897 1792 1044 1862 dixerint
1065 1817 1168 1888 super

119 1909 302 2006 populum
330 1909 413 2012 dant
431 1909 496 1981 sibi
523 1909 665 1980 invicem
691 1911 784 2004 pacis
804 1907 978 1997 osculnm,
1003 1923 1037 1979 et
1057 1911 1166 1982 omnis

117 2021 262 2118 populus
277 2022 435 2092 invicem.
449 2025 494 2096 Et
509 2023 558 2092 sic
575 2020 766 2092 absolvitur
788 2021 990 2111 concilium,
1003 2037 1037 2096 et
1051 2049 1168 2098 omnes

117 2137 258 2208 redeunt
269 2137 313 2208 ad
326 2158 405 2220 sua,
422 2139 484 2206 nisi
501 2136 548 2207 illi
561 2163 648 2231 quos
662 2139 787 2233 primas
798 2140 1047 2210 lemovicensis
1063 2143 1167 2214 verbo

117 2251 296 2351 wollgast,
316 2267 355 2322 ut
375 2275 444 2324 nou
466 2253 670 2340 abscedant,
701 2256 773 2324 sine
797 2256 866 2324 oris
894 2256 947 2324 sui
970 2259 1108 2351 propria
1132 2276 1166 2332 et

116 2383 303 2464 spontanea
319 2367 547 2457 absolutione,
561 2383 699 2465 propter
714 2367 984 2440 confirmandam
996 2372 1165 2463 justitiam

116 2501 151 2556 et
172 2507 300 2584 pacem.
317 2485 509 2582 (Martisue,
528 2485 570 2554 dc
581 2484 730 2578 antiquis
744 2483 903 2556 Ecclesise
915 2487 1051 2576 ritibus,
1068 2504 1091 2560 t.
1114 2491 1166 2581 Il,

117 2627 152 2696 p.
170 2599 274 2694 311.)

583 2770 603 2867 s
626 2775 688 2843 ιιι.

159 2933 349 3006 Vetassonimla
360 2935 497 2988 celebrandi
507 2937 603 2988 concilii
612 2937 769 3006 provincialis
781 2939 806 2988 in
818 2937 917 2988 ecclesia
929 2939 1126 3012 Rotlnmugeasi.

274 3027 323 3092 (be
334 3025 361 3075 P.
376 3021 495 3074 Mabillon
509 3032 625 3090 rapporte
636 3031 699 3072 cette
711 3022 812 3072 formale
822 3040 853 3074 au
867 3035 909 3072 ιιο
921 3025 1012 3090 siecle.)

166 3183 280 3254 Prima
294 3182 379 3254 bosa
393 3181 472 3271 dici,
484 3180 672 3252 induarrtur
688 3182 838 3280 episcopi
855 3161 889 3254 et
907 3186 1046 3258 abbates
1064 3189 1098 3259 in
1113 3215 1166 3261 sa·

111 3297 251 3382 orario,
272 3295 532 3369 auelridiacouus
551 3294 750 3382 dalmatica,
767 3297 998 3370 subdiaconus
1025 3303 1165 3392 tunica,
1236 3299 1243 3311 ’

111 3415 230 3485 caeteri
251 3413 398 3488 ministri
419 3409 519 3497 albis,
536 3425 570 3480 et
586 3411 656 3482 duo
675 3413 733 3504 qui
759 3409 915 3482 letaniam
935 3420 1164 3508 cantaverint,

110 3528 257 3624 cappis:
278 3530 374 3597 etsie
391 3525 610 3622 procedentes
628 3525 841 3616 anseattsre,
862 3537 895 3598 et
920 3531 965 3600 ibi
994 3557 1095 3626 super
1116 3552 1167 3604 ts-

110 3659 197 3741 peta
220 3658 479 3740 prosternantur
491 3643 658 3738 episcopi3
672 3643 734 3737 ipsi
754 3667 834 3713 vero
847 3646 905 3741 qui
921 3650 1037 3742 cappis
1057 3651 1166 3722 induti

110 3759 265 3844 fuerint,
286 3759 462 3830 confestim
481 3755 644 3852 incipiant
663 3759 883 3853 autiphonam
901 3786 910 3831 ε
928 3765 1166 3858 Iicandrum,

112 3878 289 3958 Domum,
307 3876 477 3970 quondam
491 3871 645 3972 beru'gnc
662 3890 731 3960 est,
749 3901 817 3970 qua
836 3901 915 3946 curu
931 3880 1074 3972 psalmo,
1088 3889 1171 3958 Sal.

109 4015 198 4061 vum
208 3986 342 4083 mesae
354 4003 389 4058 et
405 3988 527 4060 Gloria
543 3988 810 4085 Patri,expleta‚
824 3992 986 4086 incipiant
1000 3995 1170 4074 letaniam.

105 4110 271 4200 Moxque
293 4118 468 4200 surgentes
493 4105 641 4201 episcopi
668 4121 811 4201 pergant
833 4107 876 4176 ad
897 4107 1006 4180 locum
1032 4117 1089 4185 ubi
1116 4143 1170 4189 se-

104 4221 199 4295 dilia
215 4223 250 4292 iu
264 4220 371 4290 choro
384 4218 537 4316 deposita
552 4220 676 4292 fuerint
692 4248 701 4292 :
723 4223 779 4292 ubi
796 4222 891 4294 finita
911 4223 1045 4317 letania,
1061 4235 1174 4306 arcbi.

960 4351 1010 4404 38.
