2910 5038
515 479 764 548 statuorum..
1093 459 1163 570 599

120 627 173 718 vit,
192 628 237 700 ita
251 626 543 700 consummatione
556 625 693 696 sublimi
704 619 861 696 eumdem
872 622 942 719 jam
960 621 1164 719 perficiendo

118 744 295 834 concludit,
310 760 345 816 ut
362 745 397 814 iu
417 741 530 814 illusit
549 757 702 815 nostrum
717 739 930 836 explicuisse,
947 766 1047 835 aquo
1062 741 1162 810 nobis

119 862 174 932 suit
191 861 376 932 inchoasse.
399 862 530 931 Daunus
550 883 631 953 ergo
648 856 792 952 gloriam
810 871 845 926 et
867 857 1031 928 bonorem
1056 856 1162 927 eidem

117 993 231 1050 snuetae
255 974 571 1071 atqueindivisibili
600 975 780 1056 Trinitati,
801 997 876 1066 qtrae
900 975 998 1044 nobis
1017 988 1051 1042 et
1068 999 1108 1044 cx
1129 999 1164 1044 se

118 1095 241 1182 dicere,
256 1108 290 1164 et
306 1094 342 1164 iu
360 1119 395 1162 se
413 1091 502 1162 dicta
522 1089 724 1185 complevit:
743 1112 817 1184 quae
836 1088 1032 1160 reformavit
1049 1092 1083 1160 iu
1104 1117 1164 1160 ex·

119 1211 279 1282 tremitete
299 1209 496 1280 saeculorum
513 1207 660 1278 remedia
676 1207 856 1303 pietatum,
871 1221 905 1276 et
928 1205 1065 1276 resolvit
1083 1206 1167 1304 liga·

118 1328 203 1396 mina
218 1324 444 1398 vinculorum.
461 1325 513 1396 Sit
528 1325 714 1420 gratiarum
732 1323 821 1392 actio
837 1338 872 1396 et
888 1323 1083 1395 reuerentiae
1098 1322 1166 1419 ple·
1237 1332 1239 1336 ’

117 1442 233 1514 nitudo
246 1469 265 1513 a
279 1441 377 1516 uobis
391 1442 553 1512 omnibus
568 1443 601 1510 iu
619 1465 799 1510 commune
819 1439 883 1533 ipsi
905 1437 1165 1508 clementissimo

116 1559 259 1653 principi
285 1559 454 1628 bonorum
487 1556 643 1653 gratifico
675 1555 848 1650 largitori,
879 1555 975 1649 eujus
1007 1569 1165 1624 votorum

115 1673 270 1742 instantia
304 1674 454 1768 benigna
487 1676 581 1742 Deus
614 1669 730 1741 attulit
764 1669 1035 1766 complementa,
1066 1670 1164 1765 cujus

115 1786 288 1881 dispositio
315 1789 465 1882 piissima
494 1811 726 1882 pressurarum
755 1785 899 1852 removit
928 1785 1048 1870 exitia,
1068 1785 1165 1878 cujus

115 1904 322 1998 temporibus
341 1902 493 2000 cuufcrut
508 1903 621 1996 vigere
640 1901 819 1996 justitianus
842 1915 874 1973 et
893 1901 1077 1972 exuberare
1101 1904 1163 1969 mi·

113 2019 327 2088 sericordiam
351 2017 571 2113 opulentam:
593 2019 689 2111 cujus
709 2033 785 2112 post
803 2001 976 2111 praeseutis
995 2019 1055 2086 aevi
1082 2031 1163 2086 tem·

112 2159 191 2229 pora
209 2135 385 2221 diuturna,
401 2113 479 2204 cum
496 2135 619 2204 sanctis
635 2133 795 2202 omnibus
806 2120 945 2202 'tribuat
960 2134 994 2201 in
1010 2158 1164 2204 remune-

110 2251 239 2320 ratione
256 2276 428 2321 coronam.
455 2254 528 2324 Nos
550 2265 664 2320 autem
691 2273 809 2318 omnes
836 2248 923 2318 banc
946 2246 1160 2319 decretorum

112 2379 306 2436 nostrorum
324 2367 458 2454 seriem,
475 2391 513 2434 ex
534 2379 633 2436 rectae
647 2364 725 2434 fidei
743 2362 795 2432 vel
818 2364 950 2458 pietatis
968 2390 1008 2434 ac
1022 2365 1162 2463 justitiae

112 2479 205 2549 fonte
227 2497 440 2570 manantem,
459 2506 574 2551 coram
603 2483 678 2550 Deo
702 2494 734 2548 et
760 2479 885 2550 sanctis
912 2465 1040 2575 angelis
1070 2480 1164 2579 ejus,

110 2597 307 2667 orthodoxis
320 2597 476 2666 omnibus
490 2613 523 2666 et
539 2621 630 2666 nunc
644 2610 676 2665 et
694 2598 728 2665 in
748 2594 903 2665 futurum
920 2596 1163 2695 impensissime
1235 2690 1237 2694 .

110 2713 401 2802 commendamus,
416 2712 631 2782 obsecrantes
646 2726 684 2780 ut
697 2710 786 2780 hanc
800 2725 833 2780 et
850 2713 1043 2812 reverenter
1056 2710 1164 2782 adim,

110 2827 236 2923 pleant,
253 2843 286 2898 et
304 2829 350 2900 ab
370 2830 500 2899 acutulis
524 2827 669 2923 benigne
689 2825 883 2907 defendant.
905 2828 1164 2896 Contemnenti·

108 2945 294 3018 busautem
310 2971 384 3015 eam
400 2945 521 3014 divinae
537 2944 686 3013 veritatis
700 2942 784 3012 ultio
797 2942 948 3036 pavenda
965 2943 1164 3037 praeveniat;

28 3123 32 3132 .
108 3059 370 3149 'observantibus
394 3076 507 3133 autern
533 3059 767 3144 misericordia
790 3059 978 3159 proficiens,
997 3084 1062 3156 pax
1080 3085 1164 3155 per-

104 3193 210 3274 petua
238 3193 271 3247 et
301 3176 408 3280 gloria
436 3177 642 3272 sempiterna
671 3176 863 3272 contingat.
891 3177 1003 3269 Hujus
1028 3201 1165 3285 quoque

105 3294 285 3364 sententlae
307 3293 508 3392 fortitudine
528 3291 581 3362 vel
603 3293 737 3390 vigore,
754 3291 879 3361 decreti
898 3291 1006 3361 nostri
1027 3292 1164 3379 seriem,
1194 3289 1198 3296 ’

105 3433 213 3505 quam
235 3409 270 3478 in
298 3409 500 3478 serenissimi
523 3409 667 3478 Domini
691 3407 799 3476 nostri
820 3405 987 3475 edidimus
1007 3407 1164 3496 nomine,

103 3551 174 3622 pro
194 3505 296 3596 rebus
321 3551 342 3596 a
367 3523 453 3594 divae
478 3524 652 3593 memoriae
683 3537 781 3617 patre
804 3537 865 3592 tuo
888 3522 1043 3622 quolibet
1067 3521 1168 3592 titulo

103 3642 311 3738 conquisitls
327 3640 541 3710 decernimus
561 3638 702 3708 ornnino
721 3637 897 3738 custodiri.
916 3639 1041 3740 Legem
1070 3637 1167 3706 deni·

101 3781 177 3852 que
199 3781 301 3861 quam
330 3780 393 3851 pro
423 3752 607 3826 coercenda
638 3753 833 3848 principum
863 3752 1052 3848 cupiditate
1080 3752 1167 3822 idem

102 3872 389 3944 clementissimus
403 3870 509 3940 edidit
530 3869 699 3964 princeps,
714 3866 813 3938 simili
836 3868 958 3938 robore
976 3868 1166 3957 firmamus,

100 4002 263 4084 atqueut
278 3987 400 4057 futuris
414 3967 624 4080 temporibus
650 3983 760 4052 modis
780 3983 939 4052 omnibus
956 3965 1167 4076 observetur,
1247 4075 1253 4085 ἡ

100 4107 185 4202 pari
201 4104 368 4175 sententia
385 4101 579 4174 definimus.
603 4102 690 4190 Quae
711 4101 813 4169 etiam
833 4125 875 4168 ne
894 4101 1062 4169 taciturna
1081 4115 1170 4169 tem-

101 4243 239 4318 porum
261 4217 311 4290 vel
329 4216 495 4287 obliviosa
515 4229 686 4288 vetustate
704 4214 925 4303 deserantur,
944 4213 1025 4284 huic
1050 4228 1171 4290 uostrae
