2910 5038
316 447 385 518 588
656 454 857 534 crnourlmre
881 473 1022 521 rnnrrs.

286 627 289 632 ·
314 601 457 672 ostensis
477 603 504 672 si
527 600 742 672 ostendendae
760 618 862 673 erunt
878 601 1038 698 reliquiis,
1056 602 1242 674 cantabitur
1253 604 1334 672 missa

315 717 357 789 de
378 719 506 814 Spiritu
523 721 649 788 Sancto
662 717 860 790 solemniter
882 743 943 815 per
961 720 1257 816 archiepiscopum,
1275 745 1335 788 cun

312 835 521 906 caeremoniis
540 837 573 906 in
594 834 745 930 capitulo
764 851 886 906 octavo
903 833 979 907 libri
995 840 1027 906 ll
1041 837 1082 906 de
1101 838 1199 906 missa
1218 834 1336 906 solemni

311 950 499 1047 explicatis3
523 950 574 1021 vel
594 977 635 1022 eo
658 953 832 1048 impedito,
846 953 889 1023 ab
911 953 1102 1048 antiquiore
1118 953 1262 1049 ejusdem
1276 977 1336 1051 pro·

313 1069 431 1140 vinciae
449 1070 608 1165 episcopo
624 1071 720 1140 :etsi
737 1071 857 1141 festum
878 1071 945 1140 crit
965 1069 1090 1166 duplex
1110 1069 1160 1140 vel
1176 1070 1336 1157 dominica,

310 1186 382 1256 sine
400 1189 721 1258 commemoratione
742 1185 898 1278 illorum,
916 1203 949 1260 et
969 1188 1041 1259 sine
1062 1186 1235 1284 evangelio
1250 1185 1339 1256 domi·

310 1303 394 1374 nicae
420 1303 454 1372 in
476 1301 553 1374 line.
569 1305 646 1393 Qua
667 1303 777 1393 linita,
793 1328 862 1373 non
881 1317 993 1374 tamen
1018 1303 1096 1374 data
1115 1303 1340 1388 benedictione,

310 1444 385 1513 qure
402 1419 502 1490 datur
523 1421 556 1490 in
576 1419 643 1490 fine
660 1421 816 1492 sessionis
829 1445 975 1516 semper,
998 1420 1279 1516 archiepiscopus,
1296 1418 1340 1486 de·
1428 1507 1429 1512 ἵ

310 1536 428 1632 positis
454 1537 658 1631 paramentis
686 1536 875 1608 missalibus
899 1561 1006 1632 usque
1031 1536 1073 1606 ad
1092 1534 1282 1606 tunicellam
1300 1535 1340 1601 in·

193 1713 197 1722 .
310 1650 450 1738 clusine,
468 1669 502 1726 et
516 1669 656 1752 accepto
671 1653 810 1750 pluviali
830 1653 1026 1750 genuflexus
1042 1669 1121 1726 ante
1140 1651 1246 1723 altare
1259 1675 1343 1746 super

311 1769 542 1866 genuflexorio
571 1772 619 1841 ibi
636 1787 776 1867 parato,
797 1772 955 1842 omnibus
982 1770 1055 1840 aliis
1077 1770 1182 1844 etiam
1214 1767 1341 1866 genufle

310 1885 494 1976 olentibus,
516 1887 657 1983 incipiet
677 1888 903 1984 antiphonam
917 1915 926 1958 :
939 1885 1096 1976 Exartdr',
1111 1889 1274 1975 Domine,
1289 1898 1339 1952 etc.

308 2000 440 2073 Deinde
462 2004 647 2073 successive
671 2004 714 2074 sit
736 2019 840 2099 prout
873 2005 908 2072 in
929 2001 1132 2074 Pontificali.
1153 2005 1197 2072 In
1218 2001 1343 2072 sessione

309 2142 389 2187 vero
415 2131 449 2187 et
467 2116 586 2190 ordine
608 2119 805 2218 proferendi
837 2135 935 2210 vota,
967 2119 1218 2190 observandum
1247 2123 1343 2188 estut

307 2233 456 2330 episcopi
475 2233 677 2329 praecedant,
689 2234 787 2331 juxta
806 2236 959 2306 ordinem
983 2261 1102 2306 eorum
1121 2234 1341 2330 promotionis,

307 2348 404 2420 nullo
424 2351 543 2421 habito
565 2367 720 2447 respectu
745 2353 787 2422 ad
808 2353 1030 2447 dignitatem,
1055 2351 1107 2422 vel
1136 2353 1342 2448 praeeminen-

308 2469 389 2537 tiam
413 2465 643 2556 ecclesiarum
662 2468 854 2564 dignitates,
872 2484 907 2538 et
921 2470 1074 2539 canonici
1090 2467 1290 2538 cathedralis
1303 2489 1343 2535 ec

249 2672 251 2676 Ι
307 2581 425 2671 clesiae,
444 2608 520 2652 cnm
536 2581 768 2679 capitulariter
783 2583 973 2679 procedunt
991 2598 1052 2653 aut
1068 2596 1159 2672 sunt,
1178 2582 1342 2679 praeferun·

306 2717 363 2770 tur
381 2701 508 2770 caeteris
530 2701 706 2790 omnibus3
721 2699 801 2772 alias
819 2699 955 2770 abbates
974 2697 1127 2770 titulares
1147 2715 1186 2769 et
1202 2699 1342 2769 habentes

306 2841 405 2886 usum
432 2819 539 2888 mitrae
565 2815 776 2912 praecedunt3
808 2831 842 2886 et
872 2831 948 2912 post
982 2841 1040 2886 eos
1068 2811 1343 2886 commendatarii

306 2931 426 3004 deinde
442 2932 635 3028 dignitates,
654 2957 734 3002 mox
753 2947 990 3026 procuratores
1013 2930 1244 3027 capitulorum
1261 2925 1344 2999 eccle·

306 3047 432 3119 siarum
455 3047 710 3134 cathedralium,
724 3048 846 3118 deinde
861 3050 975 3118 caeteri
988 3074 1052 3145 pro
1068 3049 1238 3146 cujusque
1251 3045 1341 3140 digni·

308 3178 377 3233 tate
405 3178 440 3232 et
466 3162 585 3258 gradu,
601 3179 639 3233 ut
661 3189 702 3234 ex
723 3166 827 3260 capit.
856 3164 901 3236 23
921 3163 998 3235 libri
1019 3168 1035 3233 l
1054 3164 1096 3235 de
1111 3165 1235 3235 ordine
1253 3160 1344 3232 thuri·

306 3278 428 3348 ficandi
447 3277 606 3374 colligere
620 3279 709 3352 licet.

354 3395 480 3466 Eadem
500 3399 615 3467 omnia
641 3398 711 3467 fere
728 3399 969 3488 observantur,
995 3399 1128 3493 quotics
1160 3399 1197 3468 in
1215 3394 1343 3468 concilio

304 3513 579 3603 habetursessio;
598 3539 666 3584 non
686 3529 802 3584 umen
822 3513 1007 3585 necessaria
1022 3530 1072 3584 est
1094 3513 1257 3586 solemnis
1276 3537 1341 3606 sup

305 3628 456 3728 plicatio,
472 3631 534 3700 nisi
552 3631 660 3725 prima
675 3631 767 3720 vice;
797 3632 867 3701 etsi
887 3629 977 3701 ultra
990 3645 1057 3700 tres
1073 3632 1239 3702 sessiones
1253 3629 1339 3715 liant,

305 3761 503 3841 repetentur
512 3745 626 3816 eadem
634 3746 807 3842 evangelia
820 3748 937 3843 quaein
946 3746 1138 3818 Pontificali
1147 3749 1257 3844 posita
1265 3758 1342 3815 sunt.

303 3865 462 3933 Durahte
482 3877 594 3932 autem
615 3863 918 3952 concilio,‘decens
936 3880 985 3934 est
1008 3879 1048 3934 ut
1066 3863 1209 3962 singulis
1230 3859 1343 3958 quintis

303 3979 396 4048 feriis
419 3980 455 4048 iu
473 3977 611 4048 ecclesia
640 3978 823 4049 cathedrali
838 3996 995 4050 cantetur
1011 3981 1110 4050 missa
1135 3978 1290 4050 solemnis
1310 3974 1343 4042 de

303 4094 433 4188 Spiritu
445 4097 589 4182 Sancto,
607 4096 698 4163 utin
720 4094 911 4165 Tridentini
930 4095 1068 4166 concilii
1086 4096 1200 4166 eadem
1231 4119 1308 4164 sess.
1325 4115 1340 4157 a

303 4207 469 4276 sancitum
493 4207 570 4278 fuit.
591 4207 764 4280 Officiales
783 4233 922 4305 quoque
944 4225 984 4280 et·
1004 4212 1149 4280 ministri
1177 4201 1339 4278 necessarii
