2804 5022
267 413 338 506 264
599 421 808 488 'rnorsrbua
835 440 988 490 enarre..
1012 461 1015 468 -

265 605 280 639 «
296 570 385 669 patri
406 569 573 664 Eugenio‚
602 591 733 638 summo
763 567 916 664 pontifici
936 583 970 640 et
993 567 1172 646 universali
1189 591 1300 666 pape,

267 685 508 759 «Hludovicus
532 698 567 754 et
588 681 765 760 illotarius
783 685 898 756 divina
913 685 1093 756 ordinante
1108 684 1304 781 prouidentia

266 807 520 900 «imperatores
546 803 698 896 augusti,
724 800 893 896 spiritales
912 801 974 871 lilii
993 803 1117 889 vestri,
1142 801 1302 896 sempiter-

266 951 283 986 «
299 945 377 990 nam
394 920 427 989 in
447 919 596 990 Domino
613 933 729 989 nostro
742 922 821 988 Jesu
838 917 973 988 Christo
984 916 1138 988 salutem.
1158 915 1243 1005 Quia
1258 940 1307 984 ve·

269 1036 425 1107 amciter
449 1059 510 1102 nos
530 1032 701 1102 debitores
720 1057 791 1102 esse
816 1034 1040 1130 cognovimus
1065 1047 1104 1102 ut
1127 1031 1178 1101 his
1199 1031 1307 1126 quibus

268 1181 284 1216 a
302 1151 449 1246 regimen
462 1146 676 1220 ecclesiarum
691 1161 724 1218 et
740 1148 854 1218 ovium
868 1148 1116 1220 dominicarum
1132 1172 1214 1218 cura
1229 1172 1307 1218 com·

271 1268 401 1336 «missa
418 1279 488 1348 est,
510 1265 545 1332 in
564 1263 725 1334 omnibus
744 1265 852 1334 causis
868 1264 911 1334 ad
927 1265 1080 1336 divinum
1096 1263 1225 1334 cultum
1242 1289 1307 1360 per·

271 1412 288 1447 a
306 1382 510 1468 tinentibus‚
530 1403 628 1476 opem
647 1393 750 1474 atque
764 1377 928 1450 auxilium
945 1404 1008 1476 pro
1021 1378 1185 1474 qualitate
1201 1379 1309 1450 uirium

270 1529 287 1567 a
302 1513 494 1568 nostrarum
508 1497 674 1583 feramus,
691 1495 817 1568 idcirco
831 1498 1089 1592 praetermittere
1105 1497 1310 1592 nequivimus

269 1645 285 1680 a
300 1603 382 1711 quin
404 1629 487 1684 tuuc
506 1613 642 1708 quando
665 1611 765 1710 legati
783 1615 982 1686 Graecorum
1010 1614 1107 1684 nobis
1128 1613 1306 1690 manifesta,-

272 1761 289 1795 α
303 1745 424 1800 verunt
445 1727 578 1824 qualem
597 1727 639 1797 ad
661 1753 721 1798 vos
748 1727 909 1801 deberent
928 1730 1077 1826 perferre
1103 1728 1309 1828 legationem,

272 1871 435 1918 «summa
455 1870 535 1916 cura
563 1859 595 1914 et
620 1844 846 1916 sollicitudine
868 1861 1086 1918 tractaremus
1108 1845 1210 1942 quale
1229 1846 1312 1916 vobis

274 1961 513 2056 «adjutorium
540 1965 576 2030 in
597 1961 662 2030 hoc
686 1963 823 2058 negotio
842 1987 918 2032 cum
936 1963 1000 2034 Dei
1020 1962 1147 2033 auxilio
1169 1962 1313 2034 exhibere

275 2078 542 2176 «potuissemus.
566 2081 610 2148 Et
631 2079 675 2151 ub
698 2079 763 2149 hoc
784 2103 801 2147 a
821 2093 929 2150 vestra
951 2078 1312 2174 sanctitate-petivimus

275 2225 292 2260 α
307 2209 345 2263 ut
360 2193 589 2264 sacerdotibus
606 2196 728 2264 nostris
740 2193 854 2264 liceret
867 2194 908 2264 de
927 2193 1020 2265 libris
1039 2211 1235 2266 sanctorum
1251 2219 1315 2264 sen·

275 2342 291 2376 u
305 2311 424 2380 tentias
450 2333 598 2403 quaerere
622 2324 724 2403 atque
743 2309 911 2406 colligere,
930 2335 1005 2405 quaa
1029 2309 1071 2380 ad
1085 2311 1237 2382 eamdem
1255 2335 1314 2380 rem

275 2458 292 2492 ι(
307 2453 368 2524 pro
396 2451 462 2521 qua
490 2425 590 2495 iidem
614 2424 715 2521 legati
738 2452 796 2498 vos
822 2425 1010 2498 consulturi
1038 2443 1136 2498 erant
1164 2428 1315 2499 veraciter
1386 2500 1387 2522 ,

274 2573 291 2608 s
304 2542 529 2614 definiendam
544 2543 725 2614 convenire
744 2545 941 2639 potuissent.
964 2545 1059 2634 Quas
1077 2568 1157 2616 cum
1172 2543 1218 2614 illi
1231 2544 1316 2640 juxta

275 2686 499 2733 «concessam
523 2663 622 2731 etiam
642 2687 661 2730 a
686 2661 782 2730 vobis
809 2660 982 2730 licentiam
1010 2659 1153 2731 solerter
1180 2661 1316 2757 inquire·

276 2792 403 2866 «rent,
418 2787 451 2848 et
464 2776 576 2847 divina
592 2775 779 2872 opitulante
791 2777 899 2870 gratia
913 2775 1078 2870 quidquid
1092 2777 1316 2847 inveniretur

277 2894 402 2965 «brevi
418 2893 580 2986 temporis
599 2892 708 2986 spatio
725 2906 909 2987 potueruut
925 2889 1158 2984 collegissent,
1179 2893 1273 2962 nobis
1284 2915 1316 2960 ea

277 3007 507 3104 «perlegenda
534 3007 739 3077 direxerunt.
773 3006 907 3096 Quibus
942 3005 1113 3103 perlectis,
1143 3033 1182 3078 ea
1214 3023 1318 3078 vestra

277 3155 293 3190 u
310 3111 478 3193 sanctitati
500 3121 641 3218 legenda
660 3137 762 3217 atque
781 3121 1023 3212 examinanda,
1042 3148 1101 3217 per
1120 3125 1183 3194 hos
1204 3124 1318 3221 legatos

264 3270 293 3306 -a
308 3255 453 3327 nostros,
463 3239 664 3308 Hieremiam
681 3237 808 3310 scilicet
820 3254 854 3310 et
867 3242 1002 3328 Jonam,
1019 3240 1230 3313 venerabiles
1241 3241 1318 3336 epis·

276 3387 291 3422 ι(
307 3381 428 3451 cupos,
446 3356 577 3426 mittere
590 3357 819 3426 curavimus...
850 3356 947 3445 Quos
966 3380 1036 3426 non
1059 3358 1102 3426 ob
1121 3357 1191 3428 hoc
1210 3358 1254 3430 ad
1268 3381 1319 3428 ve-

277 3506 293 3543 «
309 3489 384 3544 strae
397 3471 555 3543 almitatis
567 3474 781 3566 praesentiam
795 3498 873 3542 cum
882 3474 1319 3546 memoratissenteutiarum

277 3620 294 3654 e
308 3587 564 3659 collectionibus
583 3587 745 3676 misimus,
767 3601 804 3657 ut
817 3587 873 3656 hic
892 3586 1007 3682 aliquo
1036 3587 1127 3657 velut
1145 3588 1317 3684 magisterii

275 3737 292 3770 a
306 3705 420 3774 officio
436 3705 675 3800 fungerentur,
689 3717 748 3775 aut
761 3702 828 3772 lruc
844 3701 986 3774 docendi
1008 3702 1115 3798 gratia
1128 3702 1247 3774 directi
1260 3727 1315 3800 pu·

167 3835 171 3840 '
276 3853 292 3888 ι(
309 3837 479 3908 tarentur;
501 3822 579 3914 quia
600 3815 686 3890 sieut
702 3821 773 3914 jam
792 3821 1044 3892 commemorati
1059 3845 1175 3891 suenus
1195 3847 1256 3892 nos
1271 3819 1319 3888 de·

276 3969 292 4002 u
307 3940 433 4008 bitures
449 3937 590 4004 existere
615 3951 652 4006 ut
674 3937 755 4006 huic
780 3937 1013 4006 sacratissimae
1039 3935 1111 4006 sedi
1132 3938 1166 4006 in
1187 3937 1317 4032 quibus·

276 4083 293 4109 u
309 4077 453 4147 crrrnquc
472 4053 616 4146 negotiis
627 4050 789 4122 auxilium
811 4051 1108 4142 ferredcbearnus,
1125 4052 1200 4122 ideo
1217 4067 1250 4122 et
1265 4051 1318 4120 lios

277 4200 293 4232 «
309 4169 427 4242 missos
442 4182 476 4235 et
491 4190 576 4260 quas
589 4166 748 4236 deferunt
761 4164 902 4254 litteras,
920 4168 945 4236 si
959 4167 1041 4262 quid
1058 4167 1152 4238 vobis
1166 4166 1316 4260 adjutorii
