2910 5038
306 483 525 550 ordalrrons
545 501 593 550 ou
617 499 768 549 concine
787 496 912 564 enon,
933 498 1006 548 rrc.
1107 470 1176 559 545
1226 497 1229 502 ·

128 624 282 697 Ecclesiae
311 644 345 699 et
368 629 526 701 dioeceses
552 629 849 726 suffraganeorum
872 655 891 698 a
917 622 1179 722 metropolitano

129 743 259 813 visitari
276 745 432 817 debeant.
452 747 553 842 (Sess.
571 747 628 836 od,
643 772 674 854 c.
692 745 739 844 3.)

177 863 231 930 De
250 861 302 930 his
321 887 397 957 quac
423 863 465 932 ad
494 861 649 932 debitum
674 863 709 932 in
738 861 861 930 divinis
885 859 1006 932 officiis
1034 861 1181 956 regimen

127 990 300 1071 spectant,
321 977 430 1074 deque
450 1004 600 1074 congrua
622 980 658 1048 in
675 977 733 1048 his·
749 977 891 1048 cauendi
909 1001 966 1048 seu
985 975 1183 1048 modulandi

128 1092 274 1179 ratione,
292 1093 333 1163 de
351 1107 444 1166 certa
465 1093 539 1190 lege
557 1094 591 1164 iu
615 1096 721 1165 choro
742 1093 968 1165 conveniendi
988 1110 1024 1184 et
1044 1120 1185 1192 perma-
1233 1179 1235 1182 Ι

127 1208 252 1300 nendi,
276 1210 443 1306 simulque
464 1210 506 1280 de
527 1212 688 1302 omnibus
715 1211 873 1282 Ecclesiae
893 1211 1083 1301 ministris,
1110 1235 1186 1306 quae

127 1330 317 1397 necessaria
336 1343 455 1415 eruut,
489 1341 522 1397 et
553 1328 579 1396 si
607 1353 674 1422 qua
697 1329 910 1424 hujusmodi,
937 1355 999 1424 pro
1020 1329 1185 1424 cujusque

126 1444 310 1538 provinciae
325 1443 472 1514 utilitate
492 1457 528 1513 et
543 1445 707 1535 moribus,
727 1461 852 1516 certam
870 1447 992 1540 cuique
1003 1443 1182 1516 formulam

83 1571 86 1576 “
125 1560 332 1654 praescribet.
351 1560 455 1656 (Sess.
478 1561 539 1648 alr,
556 1585 585 1630 c.
607 1562 680 1660 12.)

131 1766 136 1774 ¹
179 1676 410 1768 Exarninabit,
435 1677 563 1746 vocatis
577 1676 629 1746 his
646 1699 793 1773 quorum
810 1675 967 1766 interest,
988 1691 1025 1747 et
1042 1675 1184 1771 diligen-

129 1805 183 1863 ter
213 1791 400 1888 expendet,
426 1793 454 1863 si
485 1819 570 1888 quas
611 1789 766 1864 ecclesias
802 1790 1011 1865 cathedrales
1045 1807 1186 1889 propter

126 1932 244 2000 earum
265 1909 456 2004 angustiam
478 1912 767 2004 tenuitatemque,
786 1911 906 1980 vicinis
926 1911 1024 1980 unire
1043 1908 1097 1979 vel
1122 1935 1183 1978 uo·

128 2028 180 2096 vis
202 2026 422 2120 proventibus
440 2052 565 2124 augere
580 2026 748 2122 expediat.
765 2025 931 2106 Confecta
950 2026 992 2096 de
1006 2026 1184 2122 praemissis

129 2145 359 2212 instrumenta
386 2142 429 2212 ad
449 2167 619 2214 summum
640 2147 831 2215 Romanum
854 2139 1049 2240 pontificem
1066 2143 1187 2211 remit-

128 2273 191 2329 tet.
211 2259 312 2356 (Sess.
338 2262 400 2347 ud,
415 2285 444 2329 c.
469 2259 539 2354 13.)

180 2375 235 2444 De
253 2375 457 2470 imaginibus
477 2390 510 2445 et
535 2375 687 2472 reliquiis
707 2377 947 2447 sanctorum'si
966 2377 1041 2471 quis
1060 2369 1185 2447 dubius

131 2503 191 2562 aut
213 2489 359 2562 difficilis
387 2491 513 2562 abusus
533 2493 576 2562 sit
595 2493 828 2589 extirpandus,
843 2491 894 2563 vel
912 2491 1024 2586 aliqua
1042 2491 1083 2560 de
1106 2493 1185 2588 ipsis

133 2607 267 2703 gravior
285 2609 428 2702 quaestio
442 2608 585 2700 incidat,
603 2609 753 2705 synodus
772 2605 990 2704 provincialis
1007 2608 1185 2702 judicabit,

132 2725 180 2792 ita
202 2737 314 2793 tamen
345 2738 384 2793 ut
413 2722 497 2793 nihil
525 2723 903 2796 inconsulto'Romano
934 2723 1097 2819 pontifice
1120 2751 1183 2794 no-

133 2861 215 2909 vum
241 2853 300 2908 aut
331 2839 366 2908 iu
389 2837 540 2910 Ecclesia
565 2837 729 2911 hactenus
750 2841 949 2910 inusitatum
973 2841 1185 2913 decernatur.

133 2955 233 3050 (Sess.
260 2951 317 3043 15,
338 2955 379 3024 de
396 2958 545 3026 luvocat.
566 2973 781 3046 sauctorum,
795 2957 836 3026 =iu
858 2956 955 3055 fine.)

182 3074 225 3140 In
240 3070 445 3164 exequendis
464 3071 607 3142 decretis
621 3072 875 3143 reformationis
885 3071 1093 3169 regularium
1107 3099 1187 3171 sup·

133 3185 242 3284 plebit
260 3201 294 3256 et
313 3189 503 3278 coercebit,
521 3203 556 3258 et
584 3191 620 3259 in
643 3189 813 3261 defectum
837 3189 1061 3286 capitulorum
1083 3217 1187 3288 gene·
1285 3233 1286 3236 π

134 3301 259 3373 ralium
295 3303 412 3375 eadem
443 3304 592 3400 synodus
621 3330 683 3402 per
711 3307 965 3408 deputationem
994 3306 1186 3402 aliquorum

134 3417 286 3514 ejusdem
302 3419 431 3490 ordinis
450 3421 651 3515 providebit.
670 3420 775 3516 (Sess.
797 3421 856 3513 25,
876 3422 917 3492 de
935 3424 1074 3521 Regul,
1091 3450 1120 3494 c.
1136 3423 1187 3493 ul-

136 3535 248 3632 timo.)
373 3547 382 3554 ”

174 3645 330 3722 Abusus
341 3652 634 3748 indulgentiarum
663 3679 749 3751 quos
769 3654 919 3752 episcopi
942 3656 977 3726 in
997 3655 1065 3726 suis
1084 3658 1189 3727 eccle·
1240 3730 1244 3738 ,

136 3769 195 3838 siis
217 3767 442 3866 collegerint,
475 3770 510 3838 in
529 3769 659 3865 synodo
686 3769 885 3866 provinciali
916 3772 1120 3864 referentur,
1151 3789 1190 3844 ut

134 3882 282 3954 aliorum
310 3909 449 3978 quoque
476 3886 717 3980 episcoporum
739 3887 905 3956 sententia
927 3888 1054 3983 cogniti
1076 3891 1189 3960 statim

134 4001 179 4072 ad
204 4027 374 4071 summum
407 4001 603 4096 pontificem
629 4000 840 4094 deferantur,
868 4004 965 4100 cujus
987 4007 1190 4078 auctoritate

136 4117 234 4214 quod
253 4116 435 4187 universali
452 4116 608 4188 Ecclesiae
625 4118 779 4217 expedit,
798 4135 978 4219 statuatur.
1000 4122 1104 4216 (Sess.
1128 4124 1188 4218 25,

139 4237 176 4308 iu
196 4237 344 4308 Decreto
366 4233 408 4307 de
430 4231 577 4334 indulg.)
1155 4251 1159 4260 ’

993 4364 1030 4421 ³5
